3359 5142
829 580 990 645 ,46-

410 729 508 790 Erant
519 745 648 808 quoque
664 728 866 792 fabricatores
879 733 1074 794 rusticorum
1087 732 1376 794 instrumentorum
1387 732 1444 813 (1),

368 844 519 888 vasorum
533 826 650 888 scilicet
663 844 820 890 aereorum
833 837 888 889 aut
899 830 1134 908 plumbeorum,
1152 831 1337 906 cuniadnm,
1355 838 1445 894 tere-

369 924 513 999 brorum,
540 924 756 1001 toradrorum,
787 927 1064 1006 scalprorumqne,
1095 945 1211 1007 neque,
1242 935 1279 989 ut
1306 929 1442 1004 videtur,

369 1021 437 1082 sine
452 1020 556 1082 laude.
573 1021 619 1082 Ex
639 1038 703 1099 quo
718 1023 805 1084 enim
827 1022 920 1099 Galli,
946 1025 1105 1104 Bituriges
1125 1025 1294 1104 praecipue,
1319 1026 1449 1088 fuerant

369 1117 452 1178 soliti
466 1135 663 1197 compescere
679 1125 792 1180 stanno
808 1121 960 1199 aeruginis
974 1121 1073 1197 virus,
1099 1123 1189 1184 etita
1204 1139 1279 1183 vasa
1292 1140 1447 1184 exornare

370 1216 535 1292 incoctilia,
553 1234 732 1295 currusque
751 1235 788 1279 ac
802 1217 918 1282 rhedas
939 1220 1076 1281 metallis
1091 1218 1147 1299 (2),
1164 1237 1217 1281 ars
1235 1237 1273 1281 ea
1296 1220 1449 1283 floruerat

337 1305 341 1316 ’
369 1333 504 1394 semper.
536 1315 758 1392 Regnantibus
788 1324 898 1379 autem
923 1317 1084 1379 Karolinis
1105 1336 1157 1379 ars
1174 1318 1240 1379 sola
1262 1325 1447 1380 conservata

368 1419 436 1474 erat
463 1412 688 1491 liquefaciendi
707 1413 839 1475 metalli.
865 1414 1042 1476 Monachus
1058 1413 1103 1494 (3)
1126 1414 1214 1476 enim
1232 1414 1444 1494 Sangallensis

369 1517 477 1572 narrat
497 1510 692 1572 monachum
707 1511 892 1589 quemdam,
910 1512 1039 1575 Tancho
1053 1530 1129 1574 nem
1148 1513 1289 1589 nomine,
1306 1530 1349 1574 aes
1362 1530 1447 1575 cam-

366 1625 487 1686 panum
511 1607 692 1669 conflarisse
714 1609 807 1689 cujus
829 1609 970 1670 sonitum
993 1610 1130 1670 miratus
1152 1610 1326 1688 imperator
1340 1611 1370 1671 ei
1384 1628 1443 1690 pro

368 1713 482 1767 stanno
497 1724 635 1785 cuprum
650 1712 681 1766 et
695 1713 866 1784 argentum
877 1707 1008 1769 dederat
1021 1707 1060 1769 ad
1075 1707 1163 1768 aliud
1186 1707 1403 1769 conflandum.

407 1803 499 1882 Soepe
514 1805 611 1866 etiam
629 1811 846 1865 memoratum
860 1804 1006 1866 invenire
1019 1810 1067 1866 est
1080 1821 1198 1866 aurum
1207 1804 1372 1883 obryzum,
1386 1805 1407 1865 i.
1417 1822 1445 1880 e,

367 1909 503 1978 coctum,
521 1921 585 1982 quo
600 1903 739 1964 maxime
755 1902 929 1964 utebantur
951 1902 1098 1964 aurifices
1114 1901 1170 1982 (l).
1188 1902 1236 1963 De
1259 1901 1445 1963 aurificibus

368 2017 442 2060 vero
458 1999 648 2062 documenta
662 2007 693 2061 et
715 1999 848 2077 insuper
861 2004 1071 2060 monumenta
1085 2004 1266 2075 supersunt,
1284 2015 1302 2058 e
1326 1997 1444 2076 quibus

367 2096 481 2176 conjici
495 2103 596 2174 potest
610 2114 661 2158 ars
672 2097 830 2175 exquisita
846 2096 979 2176 hujusce
987 2095 1150 2176 temporis.
1161 2095 1207 2157 Ex
1217 2113 1282 2173 quo
1289 2093 1383 2173 {enim
1399 2093 1445 2186 (5)

366 2192 399 2253 S.
418 2193 541 2270 Eligius
565 2193 657 2271 quasi
680 2194 840 2254 officinam
866 2193 901 2252 in
923 2193 1040 2271 palatio
1061 2190 1233 2268 Dagoberti
1251 2190 1441 2266 instituerat,

367 2305 432 2348 non
447 2287 577 2348 defuere
598 2286 754 2366 discipuli,
773 2289 828 2350 tali
849 2288 1001 2365 magistro
1025 2307 1155 2367 prorsus
1179 2288 1277 2366 digni,
1296 2289 1352 2366 qui
1375 2288 1445 2366 qui·

367 2385 441 2444 dem
456 2389 512 2443 aut
527 2383 660 2444 Lutetiae
675 2390 731 2444 aut
745 2384 830 2462 apud
847 2383 965 2445 Remos
980 2392 1036 2445 aut
1050 2385 1084 2445 in
1098 2387 1293 2448 monasterio
1307 2386 1340 2447 S.
1358 2385 1443 2465 Dyo-

366 2480 440 2542 nisii
463 2498 537 2542 vasa
564 2481 701 2558 pretiosa
722 2497 870 2558 capsasve
900 2481 1111 2559 reliquiarum
1139 2482 1345 2559 fabricabant,
1372 2499 1444 2560 quae

366 2585 517 2654 nostram,
532 2587 562 2641 et
576 2578 682 2654 hodie,
700 2584 830 2639 movent
845 2578 1089 2640 admirationem
1106 2578 1163 2659 (6).

405 2675 444 2736 In
460 2693 496 2737 eo
512 2676 600 2738 enirn
614 2682 756 2755 ternpore
770 2676 898 2754 publica
911 2675 1041 2737 fortuna
1062 2677 1222 2756 praecipue
1245 2675 1407 2738 constabat
1424 2694 1442 2737 e

366 2769 511 2850 pretiosis
528 2772 675 2847 metallis,
693 2790 765 2851 quae
785 2791 874 2850 reges
897 2773 1099 2852 episcopique
1120 2779 1179 2834 aut
1201 2770 1445 2833 accumulabant

366 2870 469 2929 autin
484 2870 572 2931 varia
591 2870 759 2932 mutabant
783 2869 860 2930 artis
880 2885 985 2946 opera.
1007 2867 1209 2928 Chartularia
1231 2867 1443 2928 monasterio-

367 2983 441 3025 rum
456 2965 501 3046 (7)
517 2972 548 3027 et
563 2967 769 3028 ecclesiarum
784 2965 972 3043 magnificos
987 2971 1179 3026 enumerant
1193 2963 1360 3025 thesauros
1376 2961 1440 3042 (8):

366 3062 417 3123 vel
440 3063 583 3124 miminae
608 3064 747 3125 ecclesiae
778 3063 844 3124 suis
870 3060 1093 3139 superbiebant
1120 3060 1241 3122 divitiis
1260 3061 1446 3137 artiumque

360 3264 371 3292 ’
397 3271 429 3334 (Ι)
453 3270 493 3320 De
509 3270 580 3321 villis
599 3271 610 3334 ἕ
628 3271 666 3320 d‘l.
685 3298 714 3307 -
736 3270 905 3320 Breviorium
931 3282 1019 3319 rerum
1042 3268 1173 3318 fiscalium
1197 3268 1288 3319 Koroli
1312 3267 1409 3331 Magni.

366 3333 510 3408 (Gorditano.
532 3333 689 3398 Polyptiqua
705 3332 858 3382 d'lrminon.
879 3331 1030 3403 Appendix.
1045 3332 1100 3388 296,
1114 3332 1168 3394 304)
1183 3335 1321 3381 enumerat
1335 3330 1442 3441 ((6362)

365 3401 515 3451 tossorrum,
536 3396 653 3452 bessum,
673 3409 800 3452 securem,
817 3394 983 3450 dolatoriam,
1002 3397 1138 3451 taratrum,
1155 3393 1297 3457 scalprum,
1311 3407 1346 3456 gu
1358 3393 1441 3449 bium,

365 3457 462 3512 lnlcile,
476 3458 578 3514 sulcem,
593 3457 716 3514 cultrum,
734 3471 843 3508 serram.

397 3521 431 3583 (2)
446 3519 552 3574 Parmos
567 3519 695 3577 XXXIV,
713 3519 748 3576 18,
761 3521 800 3570 20.

396 3584 429 3644 (3)
444 3583 527 3640 Bouo.
542 3580 574 3640 V,
595 3581 645 3631 118.
662 3581 732 3632 Mon.
749 3581 803 3632 San
816 3580 948 3630 Gallensis
961 3581 982 3638 1,
997 3580 1034 3637 tl,

366 3642 667 3757 C(ll)'l{?)1}‹)nffu{.tllita
685 3645 711 3694 S.
733 3644 811 3708 Eligit
831 3643 941 3708 passim.
956 3671 985 3681 -
1004 3641 1165 3693 Fortunatus
1178 3640 1210 3699 V,
1230 3644 1256 3701 5,
1275 3655 1333 3706 cap.
1350 3641 1442 3694 Karoli

387 3721 438 3757 nm
550 3721 670 3764 ‚nec

398 3770 431 3830 (5)
441 3769 530 3826 Bono.
546 3769 580 3825 ΙΙ,
596 3769 650 3828 286,
665 3768 782 3819 chronic.
797 3767 824 3817 S.
838 3767 924 3831 Dyon.
938 3766 971 3825 V,
985 3768 1007 3817 9.
1021 3795 1050 3806 -
1064 3767 1127 3816 Vite
1138 3766 1165 3816 S.
1180 3765 1259 3839 Eligit
1272 3765 1345 3816 XVI.
1359 3785 1373 3812 ι(
1386 3767 1441 3817 Ha-

365 3831 462 3880 bentur
482 3831 520 3880 ibi
538 3831 652 3882 artissces
668 3831 776 3895 plurimi
796 3829 963 3882 diversarum
976 3831 1074 3880 artium
1092 3829 1170 3894 periti
1186 3833 1272 3894 qun...
1288 3842 1394 3894 semper
1408 3830 1442 3880 ed

366 3893 546 3944 obedientiam
561 3898 623 3943 suut
657 3893 732 3943 arcti.
747 3911 760 3938 u

395 3957 428 4018 (6)
444 3956 550 4006 Gazette
566 3956 613 4006 des
651 3955 798 4005 caux-Acts
814 3954 882 4010 1866,
899 3968 924 4018 p.
941 3955 995 4005 257.

368 4019 428 4130 530)
437 4018 591 4131 &migne
608 4018 640 4068 de
663 4017 764 4074 Redon,
788 4017 839 4066 189.
859 4043 888 4052 —
905 4017 1036 4075 Faunus,
1059 4015 1169 4066 histoire
1189 4015 1222 4066 de
1243 4015 1440 4081 Saint-Deuys,

399 4083 421 4136 6,
454 4085 458 4097 “
485 4083 520 4138 ,5
554 4118 559 4128 .

397 4143 430 4205 (8)
448 4143 553 4192 Gazette
572 4142 618 4191 des
637 4142 807 4192 Beaux-Arts
826 4140 892 4192 1862.
911 4142 942 4192 ln
962 4141 1075 4192 obscuro
1093 4154 1168 4206 pago,
1191 4141 1313 4205 Conqucs
1331 4142 1439 4197 scilicet,

366 4219 419 4255 uon
436 4205 527 4268 procul
541 4203 710 4262 aRuthenis,
722 4207 827 4269 repertu
847 4204 995 4254 suitstatnc
1015 4204 1121 4254 seruinae
1139 4202 1256 4255 sedentis
1273 4204 1300 4253 in
1317 4208 1442 4270 argentea

365 4267 501 4326 cathedre,
517 4266 709 4334 splendidaque
734 4279 843 4334 copsna
857 4265 955 4318 Karolo
969 4265 1064 4332 Magno
1076 4265 1146 4317 data.
