3359 5142
805 538 968 602 -lo-
1052 539 1070 558 ''

346 690 520 764 muliebres
542 707 561 752 a
581 690 826 767 consanguineis
854 690 904 751 vel
932 681 1337 779 uxor‘ibus'Palatinomm
1366 687 1432 754 sibi.

347 789 445 864 datas,
462 795 697 867 parentumque
713 805 847 848 suorum
859 773 1138 867 jactaregloriam.

647 1099 686 1158 lle
708 1099 862 1174 lantardo
882 1098 1115 1175 archiepiscope.

388 1337 462 1400 Non
473 1337 604 1400 deerant
614 1344 731 1413 tamen,
746 1354 827 1416 quos
837 1333 1206 1406 irrsolentia'ludaeorum
1217 1312 1428 1397 vehemente'r

347 1434 512 1496 excitabat.
536 1434 623 1508 Quos
644 1435 729 1495 inter
745 1434 922 1512 principem
938 1434 1101 1496 obtinebat
1115 1433 1222 1494 locum
1238 1430 1428 1510 Agobardus

347 1532 581 1610 lugdunensia,
606 1532 699 1612 cujus
721 1532 755 1592 in
777 1531 858 1593 urbe
886 1530 1054 1611 episcopali
1080 1531 1204 1594 mirum
1230 1530 1267 1591 in‘
1293 1528 1427 1591 modum
1521 1523 1527 1537 “

346 1636 513 1691 creverant
534 1637 565 1691 et
583 1647 740 1692 numerus
759 1635 789 1691 et
808 1629 975 1708 privilegia
992 1628 1193 1691 ludaeorum.
1209 1628 1280 1690 lmo
1295 1645 1334 1688 ex
1347 1626 1427 1710 assif

346 1726 411 1787 dua
437 1724 669 1788 cohabitatione
696 1733 727 1789 et
755 1727 942 1806 quotidiana
970 1727 1204 1802 familiaritate,
1238 1743 1304 1786 non
1332 1725 1427 1786 modo

347 1821 531 1885 Christiani.
550 1841 591 1885 ne
605 1823 818 1886 sabbatismus
835 1823 1056 1902 impediretur,
1074 1831 1214 1885 mercata
1231 1829 1427 1884 transmuta-

346 1929 472 1997 verunt,
491 1922 610 2000 quaein
626 1921 763 1984 sabbatis
774 1923 844 1984 lieri
855 1922 1006 1997 solebant,
1020 1922 1075 1984 sed
1089 1929 1120 1984 et
1137 1923 1222 1984 diem
1233 1921 1427 1982 dominicam

346 2017 457 2080 illicito
479 2017 586 2080 labore
605 2018 815 2096 violaverunt,
838 2020 1035 2100 jejuniisque
1060 2020 1187 2081 statutis
1201 2037 1263 2080 non
1276 2019 1344 2098 jam
1359 2036 1427 2079 ser-

347 2115 427 2177 vatis
450 2115 624 2176 adfuerunt
651 2115 684 2176 in
713 2117 883 2196 synagogis
911 2117 1120 2178 rabbinorum
1148 2115 1344 2177 orationibus
1369 2115 1425 2193 (l),

347 2230 452 2292 neque
466 2213 535 2275 sine
550 2213 668 2274 fructu.
693 2214 849 2275 Nonnulli
865 2214 952 2276 enim
969 2215 989 2276 J
992 2214 1099 2275 udaeos
1121 2215 1237 2276 melius
1256 2212 1428 2292 praedicare

347 2329 445 2390 quam
466 2310 661 2373 Christianos
677 2319 707 2373 et
727 2311 898 2374 credebant
919 2319 950 2374 et
970 2311 1212 2390 profitebantur.
1233 2310 1326 2384 Quod
1344 2327 1428 2387 aegre

347 2409 452 2471 ferens
470 2408 671 2488 Agobardus,
694 2416 803 2488 utpote
822 2409 898 2471 fidei
916 2411 1072 2486 defensor,
1098 2417 1129 2471 et
1148 2415 1255 2471 orator
1269 2407 1320 2468 sui
1334 2424 1427 2468 cons-

347 2506 429 2582 cius,
465 2507 598 2585 antiqua
625 2506 660 2566 in
687 2506 818 2568 ludaeos
847 2524 1000 2569 renovare
1029 2507 1155 2568 decreta
1185 2505 1345 2568 tentavit:
1373 2505 1428 2567 sed
1479 2488 1493 2509 ”

347 2603 476 2664 frustra.
500 2602 606 2664 ludaei
627 2603 713 2664 enim
737 2604 896 2664 miserunt
914 2604 1033 2682 legatos
1053 2604 1093 2665 ad
1113 2605 1339 2682 imperatorem
1356 2602 1424 2680 qui,

347 2699 495 2778 precibus
511 2718 624 2761 eorum
639 2701 824 2776 inserviens
842 2701 1023 2764 Evrardum
1039 2702 1189 2763 comitem
1199 2708 1230 2763 et
1240 2701 1314 2762 dein
1327 2699 1427 2762 Geni-

347 2815 422 2858 cum
450 2804 480 2858 et
509 2797 710 2858 Fridericum
737 2798 824 2858 misit
854 2799 895 2859 ad
926 2816 995 2860 rem
1024 2798 1265 2878 inquirendam.
1298 2797 1364 2860 Ceu
1395 2798 1428 2858 in

346 2894 366 2955 J
368 2894 476 2955 udaeos
489 2894 628 2954 nimium
644 2912 751 2956 severe
762 2895 907 2956 invectus
923 2895 1021 2958 luerit
1035 2895 1234 2974 Agobardus,
1248 2913 1307 2956 ceu
1322 2895 1341 2957 J
1344 2894 1433 2956 udaei·

347 2990 407 3052 sibi
422 2992 660 3054 conciliaverint
675 2992 865 3067 Evrardum,
878 2993 995 3053 missus
1009 2993 1199 3068 dominicus,
1217 2998 1342 3055 creatus
1355 3010 1426 3053 ma-

347 3090 444 3168 gister
457 3089 658 3166 ludaeorum,
676 3090 722 3152 eis
736 3090 831 3166 mitis,
850 3092 898 3152 uti
912 3091 1036 3170 scripsit
1050 3093 1224 3171 episcopus
1240 3090 1427 3154 Christianis

347 3193 456 3248 autem
470 3185 571 3248 durus
586 3188 714 3249 exstitit.

387 3284 577 3363 Agabardus
596 3293 714 3361 autem,
740 3286 796 3364 qui
820 3304 949 3348 causam
970 3305 1035 3348 non
1058 3287 1256 3366 desperatam
1279 3287 1424 3362 ducebat,

347 3400 413 3444 una
436 3399 510 3444 cum
533 3382 660 3461 collegis
676 3381 720 3464 (2)
743 3384 908 3446 Bernardo
928 3393 960 3446 et
975 3387 1085 3461 anro,
1104 3385 1269 3464 epistolam
1283 3385 1427 3446 acerbio-

348 3497 417 3541 rem
441 3479 625 3558 imperatori
645 3481 732 3541 misit
751 3480 790 3542 de
806 3481 937 3560 judaica
950 3483 1182 3560 superstitione,
1200 3483 1427 3544 conciliorum-

348 3594 411 3656 que
439 3577 606 3656 antiquam
632 3578 832 3640 severitatem
861 3579 1077 3640 renovandam
1104 3580 1302 3657 efflagitavit,
1332 3586 1428 3657 atque

348 3673 444 3734 simul
461 3691 572 3736 omnes
596 3674 737 3736 Francia
752 3675 924 3754 episcopos
946 3685 1093 3738 enarrata
1111 3677 1246 3738 Judaica
1260 3677 1429 3738 insolentia

348 3768 547 3849 Evrardique
569 3771 702 3833 molesta
718 3772 894 3850 tolerantia,
912 3773 1058 3836 hortatus
1081 3782 1138 3850 est,
1165 3783 1201 3836 ut
1230 3776 1335 3836 missis
1364 3792 1428 3836 non
1473 3756 1475 3766 ’

379 3978 412 4042 (Ι)
428 3977 562 4052 Bououar,
577 3980 623 4031 VI.
639 3981 838 4056 ³532fflh¹i⁰ffl
858 3983 930 4034 Patr.
947 3984 1038 4036 XXIV
1056 4000 1082 4050 p.
1106 3987 1151 4036 255
1166 3986 1280 4051 epistola
1291 3987 1427 4060 Agebardi

349 4039 820 4156 ggcigltgltrgulllrlpssoplriclllrrepiscopum
838 4046 1041 4099 Narbonensem
1060 4049 1092 4100 de
1111 4048 1229 4100 cavendo
1252 4057 1376 4100 convictu
1401 4054 1426 4100 et

380 4167 413 4234 (ἲ)
427 4167 595 4220 Bibliotheca
607 4173 714 4235 patrum
731 4169 789 4220 XV.
805 4171 861 4228 260.
876 4172 930 4224 262.
