3359 5142
255 810 301 871 nii
323 827 430 885 causa,
452 809 541 872 littus
565 809 681 872 Oceani
703 808 802 871 maris
823 808 993 886 attingeret
1014 807 1048 868 in
1072 805 1252 868 Galliam.»
1274 805 1332 886 (l),

255 908 338 968 iram
357 915 465 969 antem
485 925 559 968 mox
583 907 699 986 posuit.
721 906 899 968 Gervoldus
917 904 1017 978 enim,
1038 909 1224 981 procurator
1244 921 1333 965 com-

205 1084 209 1090 Δ
255 1005 367 1066 mercii
381 1005 415 1065 in
430 1004 648 1079 QuantowicO,
671 1003 728 1082 qui
749 1020 896 1081 prorsus,
920 1000 1023 1078 magis
1045 1017 1082 1061 ac
1103 1000 1209 1078 quivis
1235 1001 1332 1075 alius,

254 1107 350 1168 talem
374 1106 630 1167 interdictionem
650 1103 774 1166 duabus
793 1101 941 1181 gentibus
955 1098 1073 1178 pariter
1087 1116 1201 1160 nocere
1216 1099 1335 1160 intelli-

254 1205 354 1284 gebat,
380 1204 425 1265 ita
448 1203 595 1282 precibus
617 1202 821 1280 consiliisque
845 1218 922 1261 usus
950 1203 1007 1273 est,
1029 1202 1066 1257 ut
1085 1196 1197 1274 Anglis
1216 1196 1336 1258 iterum

254 1309 374 1382 pateret
388 1302 493 1364 aditus
508 1302 648 1363 Franciae
664 1300 722 1381 (ἳ).

295 1398 390 1472 Quas,
408 1415 445 1458 ea
459 1402 656 1476 tempestate,
672 1411 853 1458 emeremus
867 1394 901 1455 in
916 1391 1032 1470 Anglia
1059 1407 1182 1453 merces
1196 1391 1335 1454 arduum

255 1497 302 1553 est
315 1491 468 1554 indicare.
486 1491 542 1553 Nil
556 1491 643 1552 enim
653 1492 691 1553 de
706 1490 767 1552 hac
777 1507 811 1552 re
827 1489 1029 1567 reliquerunt
1043 1487 1221 1566 scriptores.
1239 1488 1334 1548 Veri-

254 1589 357 1650 simile
371 1595 478 1649 tamen
493 1606 531 1649 ex
544 1589 660 1667 Anglia
675 1595 751 1651 tunc
768 1588 925 1668 exportari
939 1587 1037 1666 pelles
1057 1586 1186 1661 ferinas,
1209 1603 1333 1647 crassos

230 1701 292 1745 ac
318 1683 395 1744 viles
415 1700 545 1761 pannos,
568 1699 599 1745 et
619 1683 717 1745 libros
738 1685 896 1763 praecipue
922 1701 941 1745 a
964 1681 1130 1744 monachis
1159 1681 1333 1759 transcrip-

255 1786 302 1840 tos
317 1778 372 1859 (3).
390 1779 455 1841 Ubi
463 1799 548 1848 vero,
566 1781 700 1842 mortuis
716 1779 1333 1861 OffaetKarolo,Nor1nanniAngliam

256 1875 486 1954 Franciamque
500 1883 576 1936 sunt
590 1876 781 1955 depopulati,
800 1877 867 1938 lere
882 1878 1013 1940 omnino
1028 1878 1333 1941 cessavit'commer-

256 1971 343 2032 cium
360 1971 415 2053 (4),
432 1979 464 2033 et
477 1973 616 2050 cessabit,
636 1974 736 2036 donec
751 1975 844 2052 Rollo
866 1976 1053 2038 Neustriam
1067 1977 1179 2038 iecerit
1193 1993 1287 2037 snam
1302 1983 1335 2036 et

256 2087 340 2130 unus
359 2087 376 2131 e
396 2071 629 2132 successoribus
648 2072 728 2152 ejuS,
759 2072 961 2149 Guillelmns,
993 2091 1058 2135 una
1081 2091 1136 2135 rex
1157 2072 1284 2154 Angliae
1303 2080 1334 2134 et

262 2165 327 2228 dux
342 2166 499 2228 Neustriae
510 2167 654 2229 evaserit.

684 2381 723 2440 Dc
741 2382 908 2443 Germanis.

297 2580 392 2641 Hand
406 2598 496 2643 secus
511 2581 741 2644 commercium
751 2582 893 2644 Francia
908 2600 984 2644 cum
993 2581 1166 2644 Germania
1180 2583 1246 2646 fere
1261 2585 1332 2646 nul·

255 2680 324 2740 lum
339 2677 488 2740 exstabat.
505 2678 658 2740 Germani
672 2679 769 2754 enim,
787 2679 855 2742 sine
871 2680 940 2756 viis,
964 2680 1033 2740 sine
1047 2679 1183 2740 urbibus
1197 2681 1335 2742 velutin

254 2782 396 2852 tempore
420 2774 519 2836 Taciti
533 2774 587 2854 (5),
606 2774 717 2853 lingua
732 2790 763 2837 et
777 2775 921 2837 moribus
936 2775 1115 2850 dissimiles,
1140 2777 1333 2839 memoriam

255 2890 320 2932 non
334 2871 507 2932 amiserant
530 2871 725 2934 crudelitatis
743 2872 951 2948 Francorum,
969 2871 1189 2950 libertatisque
1213 2873 1332 2951 cupidi,

255 2967 367 3030 Karoli
381 2967 489 3044 Magni
504 2966 657 3029 beneficia
670 2967 762 3029 ssocci
774 2967 943 3029 ducebant.
960 2968 1139 3045 Imperator
1158 2974 1267 3030 tamen
1280 2987 1338 3047 per

255 3064 348 3125 silvas
369 3062 484 3124 itinera
505 3071 676 3140 creaverat,
702 3064 798 3126 urbes
822 3071 853 3126 et
875 3064 1023 3127 ecclesias
1043 3065 1245 3141 fundaverat,
1271 3065 1336 3126 im-

255 3161 439 3238 mensisque
449 3159 598 3238 operibus
612 3161 673 3222 sibi
687 3161 925 3223 Germanorum
939 3161 1064 3224 animos
1079 3163 1247 3225 conciliare
1265 3170 1336 3225 ten-

257 3262 387 3333 taverat,
405 3257 530 3318 dnobus
553 3259 722 3337 praecipue,
747 3276 819 3338 qnae
836 3259 997 3337 pertinent
1027 3260 1067 3322 ad
1091 3261 1333 3335 commercium,

255 3362 385 3434 pontem
399 3356 469 3417 dico
484 3356 738 3434 Mogontiacum,
755 3364 786 3418 et
807 3357 925 3420 fossam
944 3359 1029 3420 inter
1049 3357 1206 3420 Rhenum
1221 3358 1334 3420 Danu-

255 3454 423 3534 biumque.

295 3553 406 3614 Karoli
427 3553 514 3616 enim
536 3553 570 3614 in
593 3553 701 3614 animo
725 3553 786 3614 fuit
807 3553 945 3634 jungere
970 3552 1123 3615 Rhenum
1147 3559 1242 3632 ponte
1264 3558 1344 3614 ante'

255 3650 520 3726 Moguntiacum3
547 3651 604 3728 qui
625 3650 756 3728 quidem
777 3649 821 3730 (6)
844 3651 1097 3730 quingentorum
1126 3667 1280 3728 passuum
1303 3649 1337 3709 in

289 3823 322 3887 (1)
335 3823 422 3886 Quam
431 3824 464 3874 ed
478 3825 545 3875 imm
558 3824 653 3875 alludit
668 3825 799 3883 Alcuinus
812 3826 953 3876 scribendo
966 3848 971 3875 ι
988 3825 1118 3889 «Aliquid
1131 3825 1335 3877 dissensionis...

256 3900 342 3957 nuper
356 3887 424 3958 inter
441 3901 530 3959 regem
544 3886 675 3959 Karolum
687 3893 714 3959 et
726 3902 814 3952 regem
828 3886 916 3939 Ollum
928 3892 1048 3938 exortum
1059 3891 1107 3945 est,
1122 3891 1160 3940 ita
1169 3893 1199 3939 nt
1211 3888 1337 3952 utrinque

255 3949 543 4068 nussgffigomssrsslffim
557 3950 755 4012 negotiantibus
770 3953 849 4000 esset.
865 3968 878 3995 v
894 3950 977 4010 Bono.
996 3950 1029 4007 ll,
1045 3951 1099 4000 607.

287 4015 320 4198 (3)
333 4073 420 4137 Epist.
436 4050 542 4124 Alcuini
556 4094 562 4122 :
578 4074 661 4133 Bono.
678 4074 711 4132 V,
726 4075 780 4125 605.

297 4135 319 4195 l)
332 4134 465 4185 liudovico
482 4139 571 4187 tomen
585 4136 774 4187 Transmarino
789 4144 925 4250 refnante,
940 4137 1043 4204 Anglos
1057 4137 1173 4190 adivisse
1193 4138 1336 4188 Franclum

299 4260 424 4311 oTlcm.
441 4260 530 4310 Germ.
548 4262 572 4312 X
600 4263 619 4312 l.
827 4215 934 4335 Qum·

289 4323 321 4386 (6)
339 4322 466 4374 llrnuann.
481 4323 582 4375 Toulet.
600 4325 620 4382 1,
635 4326 673 4382 56.
688 4326 726 4375 98.
741 4351 771 4362 -
786 4323 899 4377 Meneni
915 4325 1007 4378 chron.
1023 4325 1078 4377 813.
1091 4327 1224 4386 Boooorrr.
1234 4323 1266 4384 V,
1283 4326 1338 4377 370.

256 4198 358 4320 alffius
369 4197 478 4248 credere
489 4203 530 4248 est
543 4220 549 4247 ι
585 4199 636 4249 nod
648 4205 802 4250 autemnon
