3359 5142
828 569 989 634 ..75-

823 777 862 836 Dc
884 776 1000 837 draco.

411 951 621 1030 Imperatores
636 952 806 1032 Byzantini
829 953 886 1033 qui
910 952 1051 1032 quidem,
1069 958 1179 1031 utpote
1193 952 1328 1031 legitimi
1343 953 1447 1016 Caesa-

371 1067 444 1111 rum
459 1067 663 1125 successores,
682 1051 770 1128 parvi
785 1051 943 1113 iaciebant
962 1058 1081 1112 ceteros
1095 1068 1193 1127 reges,
1220 1051 1448 1132 Meroveisque

370 1147 448 1206 olim
463 1146 636 1223 diplomata
655 1147 935 1225 suppeditaverant
957 1149 1050 1227 quasi
1066 1147 1327 1225 provincialibus,
1343 1155 1380 1209 ut
1402 1149 1447 1210 ita

370 1243 484 1319 dicam,
515 1244 755 1323 tributariisque
779 1246 918 1323 regibus,
950 1263 1072 1307 novum
1090 1245 1319 1306 Karoliuorum
1346 1263 1448 1322 genus

370 1342 626 1402 contemnebant.
644 1342 780 1416 Quando
795 1361 871 1404 vero
885 1343 999 1404 Franci
1014 1343 1212 1416 Ravennam,
1226 1340 1448 1404 Beneventum

370 1438 510 1517 aliasque
523 1456 640 1517 graecas
650 1439 745 1500 urbes
760 1457 825 1501 suae
839 1440 968 1501 ditionis
983 1440 1095 1515 iecere,
1114 1438 1283 1518 Byzantini
1308 1439 1447 1518 impera-

369 1543 453 1598 tores
468 1555 521 1598 eos
535 1538 637 1616 magis
651 1544 878 1617 cognoverrmt,
889 1556 954 1599 non
967 1544 1077 1599 autem
1087 1539 1155 1598 sine
1170 1534 1253 1596 odio.
1270 1536 1346 1599 Erat
1360 1539 1448 1601 euim

370 1635 415 1695 eis
442 1635 640 1696 Francorum
668 1635 745 1698 adeo
773 1643 919 1714 suspecta
945 1636 1088 1713 potentia
1114 1644 1151 1698 ut
1178 1637 1386 1716 proverbium
1403 1635 1447 1715 (l)

367 1738 451 1814 'esset
467 1758 473 1793 :
492 1740 541 1789 Τὸν
555 1742 672 1806 Φραγκὸν
687 1742 755 1804 φίλον
771 1742 829 1806 ἔχῃς
843 1741 945 1804 γείτονα
963 1742 1019 1794 οὐκ,
1050 1735 1165 1796 Franci
1179 1753 1308 1814 quoque
1323 1733 1449 1796 Graeeos

369 1848 433 1892 uon
448 1831 608 1906 amabant,
624 1830 824 1892 mirabantur
840 1837 945 1893 tamen
956 1849 1070 1892 eorum
1087 1840 1180 1908 artes,
1190 1833 1353 1910 vitamque
1368 1833 1448 1894 deli-

369 1935 472 1989 catam
483 1935 513 1990 et
527 1928 655 2006 imperii
669 1928 945 2008 dignitatemque
959 1929 1055 1991 modo
1065 1931 1140 1991 novi
1150 1931 1298 1992 homiues
1312 1929 1449 1990 familias

368 2025 490 2088 nobiles
504 2026 587 2101 licet,
606 2026 786 2102 semirutas
803 2033 1006 2088 reverentur.

408 2124 581 2186 Neminem
595 2124 736 2201 profecto
759 2124 835 2186 latet
860 2124 1105 2186 matrimonium
1120 2125 1321 2205 aliquamdiu
1344 2125 1446 2203 agita-

363 2229 440 2303 tum
449 2221 777 2283 suisseinterlrenam
791 2222 1031 2300 imperatricem
1043 2223 1265 2301 Karolumque
1279 2224 1446 2300 Magnum.
1538 2211 1546 2220 ’

368 2318 495 2381 Grande
523 2337 654 2406 prorsus
682 2320 852 2381 consilium
869 2346 875 2381 :
894 2322 1028 2400 Nempe,
1056 2321 1116 2382 suh
1141 2321 1254 2383 eodem
1282 2321 1449 2382 dominatu

366 2417 510 2496 partibus
525 2416 664 2480 Orientis
680 2425 711 2480 et
725 2419 908 2481 Occidentis
923 2420 1113 2499 conjunctis,
1131 2420 1305 2498 imperium
1326 2419 1448 2482 Roma·

368 2533 449 2576 num
472 2516 583 2578 fuisset
611 2523 811 2593 renovatum,
839 2517 1013 2596 populique
1038 2517 1212 2578 Christiani
1236 2535 1303 2579 sese
1330 2517 1449 2579 iterum

368 2614 528 2677 dedissent
550 2616 715 2694 tranquilli
736 2617 928 2677 commercio
948 2615 1004 2695 (0).
1029 2615 1094 2677 Res
1109 2622 1218 2677 autem
1233 2617 1325 2677 irrita
1338 2617 1448 2678 evasit.

369 2715 442 2775 Nou
470 2714 558 2775 euim
585 2714 723 2775 sinceras
750 2714 948 2776 matrimonii
977 2713 1151 2775 afferebant
1172 2713 1369 2776 conditiones
1396 2721 1452 2776 aut

368 2812 471 2873 Irenae
491 2823 547 2873 aut
567 2811 678 2873 Karoli
691 2812 806 2890 legati:
825 2810 1028 2890 Nicephorus
1043 2817 1161 2887 tamen,
1179 2811 1307 2890 quando
1322 2813 1452 2873 irenam

369 2929 467 2990 regno
483 2912 627 2987 detrusit,
645 2913 762 2973 timens
777 2928 818 2973 ne
833 2911 971 2972 Karolus
985 2928 1114 2971 causam
1130 2910 1199 2990 ejus
1213 2911 1395 2989 susciperet,
1412 2908 1452 2971 ad

369 3028 445 3071 eum
460 3010 547 3071 misit
566 3009 614 3070 bis
629 3009 842 3088 legatos-qui,
860 3008 963 3069 forma
976 3024 1013 3070 ac
1027 3007 1130 3087 specie
1152 3008 1302 3069 orationis
1316 3013 1448 3083 mutata,

369 3125 446 3168 eum
468 3125 533 3168 non
565 3108 634 3187 jam
655 3124 765 3184 regem
785 3106 841 3167 sed
869 3107 1112 3183 imperatorem,
1145 3123 1210 3165 uon
1238 3105 1369 3166 fratrem
1397 3103 1452 3166 sed

368 3212 493 3284 patrem
520 3204 674 3266 vocabant
700 3202 756 3283 (3).
796 3203 873 3264 Haec
901 3209 1009 3264 autem
1043 3201 1083 3263 de
1108 3203 1300 3265 commercio
1322 3202 1447 3276 inania,

371 3318 540 3379 nunquam
555 3302 642 3362 enim
664 3301 872 3378 imperatores
885 3298 1077 3359 utilitatibus
1098 3301 1332 3378 negotiatorum
1348 3300 1451 3362 inser-

369 3398 508 3462 viebant.
535 3398 718 3471 Quinetiam
740 3416 813 3458 mox
836 3396 922 3472 tales,
948 3395 1010 3457 uisi
1033 3415 1109 3457 cum
1132 3397 1251 3458 Italicis
1278 3397 1448 3473 Karolinis,

370 3512 531 3557 cessavere
543 3493 587 3574 (4)
598 3495 780 3572 legationes,
797 3493 971 3572 pirataque
982 3493 1152 3572 utriusque
1161 3494 1263 3571 gentis
1271 3494 1350 3556 adeo
1360 3512 1452 3556 suam

370 3599 473 3654 artem
496 3598 709 3655 exercuerunt
724 3598 760 3651 ut
775 3591 1004 3652 commercium
1018 3591 1103 3653 inter
1124 3591 1291 3653 Franciam
1306 3599 1337 3652 et
1352 3591 1451 3655 Cons-

370 3689 594 3769 tantinopolim
607 3690 738 3768 perierit
753 3683 868 3749 tolum.

410 3791 484 3852 Non
502 3797 549 3851 est
578 3795 683 3850 tamen
701 3794 738 3849 ut
761 3804 799 3849 ea
822 3787 973 3849 sileamus
1001 3805 1074 3866 quae
1096 3789 1198 3850 nostri
1226 3789 1449 3868 negotiatores,

401 3959 434 4022 (1)
447 3957 576 4009 Erunlun.
591 3959 691 4009 Teulet.
706 3957 727 4015 Ι,
747 3959 785 4009 st.

401 4023 434 4084 (0)
447 4021 577 4072 Erurrinu.
592 4022 693 4073 Teulet.
714 4020 734 4080 1,
750 4021 804 4077 038,
820 4021 874 4080 058,
892 4022 947 4072 054.
964 4049 993 4058 -
1008 4021 1092 4080 Bono.
1107 4021 1141 4077 V.
1163 4021 1214 4082 188,
1230 4037 1262 4074 ex
1282 4022 1453 4090 Theophanis

371 4085 504 4136 chronico.
519 4098 554 4134 au
569 4085 623 4137 800,

402 4148 435 4208 (3)
451 4148 533 4205 Bono.
549 4147 581 4205 V,
591 4147 646 4198 631.

401 4210 434 4271 (l)
447 4207 579 4259 Notandae
592 4213 681 4261 tamen
693 4210 838 4275 legationes
846 4209 978 4260 Amalarii
986 4209 1092 4261 etPetri
1101 4210 1260 4261 Nonantulae
1272 4211 1305 4261 ad
1317 4209 1449 4276 Nicepho-

371 4283 438 4320 rum.
453 4271 529 4322 Erus.
546 4272 567 4329 Ι,
582 4273 635 4330 308,
651 4273 772 4338 aliaeque,
796 4271 834 4321 ds.
854 4273 987 4331 Bouousr.
1007 4273 1053 4330 VI,
1075 4273 1114 4329 97,
1132 4273 1171 4330 99,
1195 4273 1246 4328 109,
1262 4272 1317 4330 201,
1329 4274 1383 4331 202,
1399 4278 1450 4324 etc.
