3359 5142
839 603 999 666 ...44-

382 773 451 833 pus,
469 753 564 817 abbas
588 755 865 818 Wireniuthensis-
879 756 913 817 in
936 755 1061 834 Anglia‚
1083 755 1203 832 legatos
1225 755 1262 816 in
1290 755 1457 818 Franciam

382 849 469 911 misit
481 851 540 929 qui
559 852 729 914 nonnullos
744 870 853 914 secum
880 852 915 912 iu
938 852 1090 930 Angliam
1104 851 1294 912 reducerent
1307 851 1398 912 vitrii
1435 887 1450 897 -

383 953 467 1009 tores
491 947 546 1026 (1).
578 949 692 1028 Reges¹
707 949 777 1010 ideo
801 949 880 1012 huic
908 951 970 1011 arti
997 950 1155 1023 faverunt,
1182 948 1457 1028 vitrifactoresque
1490 997 1491 1000 η

382 1044 491 1121 magni
515 1045 684 1106 duxerunt.
714 1045 823 1106 Exstat
845 1046 951 1108 adbuc
974 1046 1091 1106 Karoli
1105 1044 1193 1107 Calvi
1214 1045 1355 1123 diploma
1380 1046 1456 1107 anni

383 1159 553 1203 nooorxv111
569 1160 625 1220 pro
640 1143 804 1210 monachis
819 1145 918 1206 sancti
933 1142 1082 1220 Amandi¹
1102 1143 1220 1222 quibus
1235 1144 1378 1206 concedit
1395 1169 1409 1199 «
1426 1145 1460 1205 in

381 1236 525 1314 Diptiaco
540 1255 689 1299 mansum
704 1257 808 1302 unum
822 1259 897 1303 cum
911 1240 1060 1302 vitreario
1082 1241 1257 1317 Balderico‚
1283 1248 1315 1303 et
1336 1240 1371 1301 in
1395 1242 1459 1302 Pa-

383 1333 495 1395 risiaco
510 1341 659 1395 mansum
673 1336 845 1399 dimidium
860 1357 935 1400 cum
950 1339 1017 1416 ipso
1028 1339 1176 1400 vitreario
1192 1338 1370 1417 Ragenullo
1385 1356 1460 1400 cum

383 1429 535 1490 uxoribus
550 1436 580 1491 et
590 1430 698 1492 liberis
714 1450 826 1494 eornm
841 1440 900 1495 etc.
926 1433 982 1514 (2).
1001 1435 1079 1495 »Ex
1101 1451 1138 1496 eo
1155 1442 1305 1514 tempore,
1334 1437 1360 1496 si
1385 1437 1460 1514 qui-

382 1527 519 1588 busdam
542 1529 701 1591 Nenstriae
716 1532 846 1593 lamiliis
869 1533 958 1608 fidas,
979 1533 1146 1611 privilegia
1168 1551 1295 1594 summa
1314 1551 1461 1596 concessa

383 1625 523 1701 fuerunt,
541 1644 598 1704 per
612 1645 684 1706 quae
698 1629 907 1690 vitrifactores
930 1630 970 1690 ad
985 1629 1184 1691 nobilitatem
1198 1630 1426 1708 perveniebant
1448 1658 1455 1693 ε

383 1723 469 1801 quod
484 1741 559 1784 vero
574 1725 666 1786 certis
681 1725 880 1787 documentis
895 1727 1039 1788 nondum
1055 1727 1281 1789 confirmatum
1297 1726 1353 1807 (3).

423 1820 473 1880 Ad
501 1820 597 1881 aliam
619 1827 817 1883 transeamus
847 1830 959 1898 artem,
991 1841 1055 1902 qna
1083 1830 1115 1885 et
1139 1824 1315 1902 gloriamur
1342 1823 1458 1900 hodie,

386 1923 488 1978 artem
503 1917 574 1978 dico
589 1925 742 1996 tapetum,
759 1920 926 1999 antiquam
949 1921 1040 1982 valde
1061 1929 1092 1982 et
1110 1922 1304 2001 jamdudum
1319 1923 1461 1985 celebra-

388 2021 462 2075 tam.
480 2015 655 2094 Gregorius
672 2017 758 2078 enim
782 2018 979 2079 Turonensis
995 2017 1039 2097 (4)
1063 2017 1172 2081 laudat
1193 2021 1311 2098 plateas
1326 2020 1359 2080 in
1382 2019 1462 2081 urbe

384 2113 561 2174 Remorum
577 2131 634 2191 pro
649 2114 804 2192 baptismo
816 2114 998 2176 Chlodovaei
1011 2115 1088 2176 velis
1097 2116 1230 2194 depictis
1245 2116 1459 2191 adumbratas⁸

384 2209 1463 2293 ecclesiasqueccrtinisalbeutibusadornatas3laudatquoqueaulaea

384 2324 462 2366 auro
478 2314 508 2367 et
522 2307 703 2384 margaritis
718 2309 895 2383 intertexta,
913 2326 986 2386 quae
1005 2308 1040 2368 in
1061 2309 1259 2371 dedicatione
1273 2310 1411 2372 ecclesiae
1426 2309 1459 2370 S,

384 2404 533 2482 Dyonisil
547 2405 825 2482 praetendebantur
849 2406 961 2466 muris.
984 2408 1106 2468 Notum
1128 2412 1176 2466 est
1199 2406 1295 2467 etiam
1319 2406 1462 2484 reginam

385 2502 549 2578 Bertlram‚
567 2503 696 2580 Pippini
711 2520 854 2577 uxorem,
871 2502 978 2563 lanam
992 2520 1069 2564 nere
1089 2508 1120 2562 et
1134 2519 1195 2562 acu
1209 2502 1312 2563 aulaea
1325 2502 1461 2562 variare.

386 2599 422 2659 In
440 2599 483 2680 (5)
499 2601 625 2661 civitate
641 2601 824 2662 Atrebatica
838 2617 922 2661 verae
944 2599 1136 2661 exsistebant
1153 2605 1293 2677 tapetum
1318 2598 1462 2674 officinae,

386 2696 464 2757 adeo
479 2704 515 2757 ut
534 2705 565 2758 et
579 2697 674 2759 hodie
690 2697 762 2758 Itali
789 2698 947 2776 appellent
969 2704 1087 2775 tapetes
1111 2696 1230 2757 orrozi.
1256 2694 1352 2755 Haud
1374 2713 1465 2756 secus

385 2793 420 2851 in
436 2793 596 2854 Pictavio:
615 2812 729 2872 nempe
745 2801 867 2855 exstant
882 2794 1021 2872 epistolae
1036 2793 1075 2854 de
1088 2793 1247 2872 tapetibus
1260 2792 1345 2854 inter
1369 2792 1463 2854 Guil-

385 2891 519 2952 lelmum
534 2891 692 2964 Quintum
707 2892 928 2953 pictavensem
943 2899 974 2953 et
988 2892 1172 2969 episcopum
1182 2889 1301 2950 Italum
1311 2889 1462 2950 Leonem.

389 2987 509 3047 Verum
524 2985 559 3045 in
574 2985 713 3047 ecclesiis
736 2987 894 3064 praecipue
913 2994 943 3046 et
964 2988 1164 3047 monasteriis
1186 2985 1392 3064 splendebant
1416 2992 1466 3047 ta-

387 3088 471 3158 petes
495 3081 667 3142 hominum
691 3082 921 3143 arrimaliumve
948 3083 1061 3160 figuris
1087 3083 1210 3168 variati.
1242 3081 1349 3143 Abbas
1378 3082 1465 3146 enim

388 3176 603 3239 Cluniacensis
619 3177 851 3239 monachorum
866 3178 977 3240 sedilia
991 3179 1120 3240 cortinis
1141 3180 1309 3259 palliisque
1331 3197 1466 3240 exorna-

387 3275 441 3335 bat
469 3276 554 3337 lestis
578 3275 689 3336 diebus
712 3275 767 3354 (6).
792 3276 969 3353 Angelmus
997 3277 1162 3355 episcopus
1190 3275 1467 3337 Altissiodurensis

388 3372 490 3448 (anno
521 3375 674 3453 ccccxc),
711 3374 751 3435 ad
782 3375 945 3436 basilicam
970 3375 1146 3436 ornandam
1176 3375 1315 3452 plurima
1340 3380 1461 3435 emerat

388 3471 632 3548 peripetasmata
647 3471 693 3551 (7)
711 3499 717 3532 ι
737 3472 801 3547 sed,
820 3478 892 3533 ante
908 3490 1028 3548 omnes,
1051 3473 1211 3534 Robertus
1225 3470 1320 3532 abbas
1343 3470 1374 3531 S.
1393 3471 1466 3531 Flo-

390 3567 471 3628 renti
486 3567 712 3628 Salmuriensis
728 3575 872 3646 tapetum
895 3568 956 3629 arti
982 3569 1059 3629 lavit
1075 3568 1131 3647 (8).
1158 3593 1171 3624 r
1188 3569 1259 3647 Ipse
1284 3569 1369 3629 enim
1384 3567 1467 3648 [pra-

384 3747 388 3752 ·
420 3734 451 3795 (1)
467 3735 548 3784 Bana
563 3733 746 3784 Veveaamms.
762 3733 882 3784 Historia
895 3733 1077 3783 ecclesiastiea
1090 3732 1132 3781 An
1151 3733 1246 3788 lorum,
1260 3733 1281 3789 Ι,
1295 3735 1317 3781 5.

421 3799 453 3858 (2)
468 3796 597 3846 Manritnr
610 3810 652 3860 op.
669 3797 712 3845 eit.
726 3797 747 3853 Ι,
766 3796 817 3853 167,
832 3797 855 3844 8.
869 3823 899 3831 -
913 3796 953 3844 Da
966 3795 1112 3845 Lisrrvmn
1156 3834 1161 3850 ,
1178 3795 1213 3844 la.

421 3860 463 3970 (3)
469 3859 631 3909 Documento
646 3858 699 3908 sint
711 3862 802 3923 gentes
815 3858 955 3914 Bmssard,
969 3856 1256 3920 GapuemgVailland,
1270 3856 1403 3921 Bongard,
1417 3862 1466 3906 eto.

391 3923 430 3972 Du
467 3936 590 3970 saravum
602 3923 636 3978 II,
653 3921 688 3969 13.

421 3985 454 4046 (1)
469 3983 550 4034 Gneo.
565 3985 628 4034 Tun.
643 3983 677 4040 Il,
693 3983 730 4031 3l.
747 3984 785 4032 De
799 3984 864 4047 glor.
879 3986 956 4031 mart.
972 3981 992 4036 l,
1009 3982 1046 4032 7⁶2.

422 4048 455 4110 (5)
469 4047 588 4097 lanivii.
606 4046 774 4096 Becherclies
789 4059 835 4096 sur
854 4045 953 4108 l'usage
965 4047 992 4094 et
1006 4044 1125 4108 l'orlgine
1144 4044 1191 4094 des
1208 4044 1365 4108 tapisseries
1377 4043 1393 4092 a
1407 4057 1468 4108 por-

392 4123 531 4160 sonneras.

423 4173 455 4234 (6)
471 4149 587 4221 ducales
603 4171 629 4220 S.
647 4169 745 4220 Bened.
763 4168 809 4226 IV,
823 4170 880 4220 ί208.

423 4235 455 4296 (7)
470 4235 564 4282 Lince.
578 4232 695 4283 Histoire
709 4232 741 4282 de
755 4232 856 4295 l'tglisa
871 4231 1026 4289 d'Auxerre,
1042 4231 1079 4279 35.

424 4297 455 4359 (8)
471 4295 539 4346 Vers
553 4296 605 4345 985.
621 4295 750 4346 Minatur
764 4309 805 4360 op.
822 4297 866 4346 cit.
876 4295 909 4353 V,
926 4295 993 4352 1106,
1010 4294 1076 4344 1107.
