3359 5142
361 733 462 794 maria
475 731 694 794 Arelatemem
709 730 754 810 (l)
769 731 953 810 episcopum
967 729 1163 792 Rotlantlum
1176 732 1306 810 capiunt
1321 757 1328 793 ε
1348 749 1437 794 nunc

361 829 551 891 monasteria
577 828 809 908 depopulantur
840 829 1049 907 agaunense,
1077 836 1108 890 et
1143 828 1378 903 Novalici'ense,
1404 838 1436 891 et

359 928 379 989 J
381 927 555 1004 ancellense
565 921 620 1006 (2),
638 927 703 988 imo
717 932 748 987 et
762 925 797 986 in
810 925 1030 988 Aremoricam
1045 926 1237 1004 perveniunt
1251 925 1307 1007 (3).

399 1022 467 1086 Hac
494 1037 528 1086 re
556 1030 664 1085 autem
690 1024 848 1101 praecipue
876 1023 1043 1085 Sarraceni
1072 1023 1264 1086 commercio
1293 1024 1435 1086 Francia

359 1121 532 1196 obstabant,
549 1121 666 1183 scilicet
680 1121 767 1199 quod
781 1137 892 1182 omnes
906 1139 924 1182 e
938 1121 1072 1183 Francia
1085 1121 1120 1182 in
1134 1121 1261 1184 Italiam
1275 1122 1432 1184 interclu-

359 1219 475 1280 debant
488 1219 602 1280 aditus.
619 1219 665 1280 Ex
679 1237 744 1298 quo
758 1220 846 1281 enim
860 1219 1065 1281 Fraxinetum
1080 1237 1285 1299 occupavere,
1299 1221 1386 1299 quod
1399 1221 1435 1281 in

358 1333 469 1377 eornm
487 1315 530 1396 (l)
547 1316 695 1378 manibus
709 1318 846 1396 specula,
860 1325 896 1378 nt
905 1317 949 1378 ita
959 1317 1073 1392 dicam,
1086 1317 1305 1397 oppidumque
1314 1319 1433 1380 factum

357 1421 412 1488 ast,
430 1431 496 1476 sese
514 1414 629 1492 passim
653 1414 808 1476 diffudere
831 1416 915 1493 agris
938 1422 969 1476 et
992 1415 1125 1476 urbibus
1143 1416 1322 1478 vastitatem
1343 1416 1393 1477 inl
1414 1451 1428 1461 -

358 1511 467 1574 rendo.
490 1512 661 1574 llrodoardi
683 1511 864 1574 Chronioon
877 1531 935 1574 nos
949 1513 1039 1575 docet
1054 1512 1099 1593 (5)
1115 1531 1169 1575 eos
1183 1520 1291 1576 tenere
1306 1520 1433 1576 meatus

357 1609 489 1687 Alpium
508 1616 539 1671 et
560 1610 664 1671 vicina
686 1627 822 1688 quaeque
843 1610 912 1671 loca
927 1615 1055 1685 terrere,
1073 1628 1160 1672 nnnc
1175 1611 1337 1673 obruendo
1352 1611 1432 1689 lapi·
1481 1668 1483 1671 ,
1503 1662 1511 1681 ,

357 1705 450 1767 dibus
459 1707 668 1784 negotiatores
678 1713 709 1768 et
724 1707 916 1785 peregrinos
929 1724 1015 1768 nunc
1028 1706 1069 1768 ab
1079 1707 1124 1769 eis
1134 1708 1287 1786 exigendo
1303 1708 1431 1769 tributa.

358 1803 442 1864 unde
460 1803 496 1864 fit
516 1810 562 1879 nt,
584 1822 640 1892 per
658 1810 763 1866 totum
776 1823 827 1866 sec
863 1822 923 1872 um
935 1805 1433 1889 aalmwuflagitssrqyjnciae

357 1903 488 1991 fflQsb
508 1908 609 1978 utque
624 1919 733 1962 rernm
747 1901 882 1981 hujusce
902 1903 1053 1980 temporis
1067 1903 1233 1980 scriptores
1247 1902 1428 1976 Massiliam,

257 2045 259 2050 -
356 1999 465 2078 Aquas
479 1999 610 2074 Sextias,
627 2007 683 2061 aut
696 2001 860 2062 Arelatem
876 2018 941 2063 non
955 2001 1056 2079 magis
1070 2018 1106 2062 ac
1120 2001 1261 2078 ignotam
1276 1999 1433 2079 Sequanae

356 2096 462 2156 villam
478 2102 533 2157 aut
551 2096 658 2158 Rheni
673 2115 790 2176 pagum
805 2103 1005 2176 cognoscant.
1021 2097 1041 2159 J
1043 2116 1101 2158 ure
1116 2097 1215 2174 igitur
1228 2104 1314 2159 vates
1329 2096 1433 2176 deplo-

356 2194 445 2257 rabat
461 2195 600 2257 Francia
615 2201 733 2258 statum
750 2222 756 2256 :

540 2372 666 2424 Francia!
682 2373 768 2434 Quam
776 2373 859 2423 variis
872 2372 994 2422 cladibus
1008 2372 1184 2437 opprimeris!

462 2453 592 2504 Gentibus
604 2465 665 2502 ecca
675 2457 750 2518 pates
764 2452 956 2520 populantibus
969 2451 1086 2516 undique
1101 2452 1182 2503 soevis
1196 2475 1201 2504 ;

464 2531 504 2590 Et,
519 2530 655 2597 quondam
666 2531 738 2588 salix.
753 2546 823 2582 nunc
837 2531 918 2581 nimis
930 2544 959 2581 es
972 2532 1079 2581 misera.

462 2613 567 2678 Quippe
579 2614 632 2662 tuis
647 2613 746 2663 hilares
760 2613 894 2662 exsultant
908 2610 1014 2660 fletibus
1028 2614 1124 2665 nostes.

461 2696 639 2760 nitunturque
653 2695 706 2744 tnis
720 2694 828 2744 assidue
842 2693 946 2758 spoliis.
960 2693 993 2754 (6)

274 2919 277 2928 .
377 2865 553 2928 Unanimes
563 2864 659 2938 enim,
670 2881 708 2925 ea
716 2868 910 2941 tempestate,
923 2859 1281 2939 scriptoresdescribnnt
1290 2858 1432 2922 Francia

354 2963 545 3026 calamitates
567 2967 597 3021 et
620 2948 797 3023 infortunia
821 2961 942 3021 «Tunc
962 2965 1039 3032 erat,
1064 2959 1109 3019 ait
1130 2975 1215 3017 unns
1235 2974 1359 3032 eorum,
1386 2956 1431 3035 (7)

353 3078 417 3121 non
432 3059 557 3122 modica
566 3058 739 3132 tribulatio,
751 3058 827 3136 quia
840 3074 897 3135 per
911 3073 1022 3118 omnes
1037 3072 1116 3132 pene
1133 3071 1264 3133 pagos...
1282 3054 1432 3131 dispersa.

353 3165 428 3218 sunt
451 3156 599 3229 ecclesia,
624 3156 784 3233 urbesque
806 3153 1013 3231 depopulatae,
1040 3159 1136 3230 atque
1158 3151 1351 3213 monasteria
1373 3151 1430 3212 ab·

350 3256 469 3334 jecta...
493 3253 616 3316 tamdiu
635 3254 813 3332 perstiterat
833 3251 1007 3313 saevissima
1026 3251 1328 3312 Marcomannorum
1344 3256 1431 3310 atro·

354 3353 480 3413 sitast...
519 3352 574 3413 sed
603 3351 742 3412 maxime
761 3350 853 3430 juxta
882 3367 971 3410 mare
998 3347 1092 3409 tellus
1120 3347 1242 3408 inculta
1269 3346 1428 3420 manebat,

352 3466 559 3527 accessusque
579 3447 751 3509 hominnm
771 3447 825 3508 illo
849 3464 941 3508 rarus
964 3450 1031 3506 erat
1059 3444 1123 3505 nisi
1150 3444 1184 3504 in
1212 3443 1378 3503 tutissimis
1401 3448 1432 3504 et

352 3545 575 3607 munitissimis
590 3544 735 3606 castellis.
756 3569 768 3600 t
792 3544 888 3605 Haud
902 3544 995 3604 aliter
1010 3542 1065 3604 alii
1079 3541 1255 3619 scriptores,
1273 3541 1430 3619 praecipue

353 3643 481 3722 quando
497 3642 654 3720 Hungari‚
672 3642 760 3703 velut
775 3641 909 3702 ultimus
924 3639 1118 3718 tempestatis
1141 3638 1269 3713 fluctus,
1290 3637 1431 3699 Francia

396 3822 415 3882 Ι)
429 3821 525 3871 Annal.
542 3820 568 3870 S.
584 3818 682 3869 Bened.
699 3832 735 3872 111.
753 3818 805 3868 tta.

382 3885 406 3940 (2
429 3883 469 3935 Id.
484 3883 533 3938 ΙΙΙ,
548 3882 601 3937 457,
616 3881 669 3938 327,
686 3879 738 3930 332.

382 3885 416 4010 (33
428 3947 510 4004 Bono.
527 3943 572 4000 Vl,
587 3944 641 3994 308.

383 3824 397 3908 (t

382 4009 415 4093 (Ι)
428 4009 591 4058 Lutrrnaun.
607 4007 627 4062 Ι,
646 4006 665 4056 l.
682 4006 768 4077 Stena.
785 4005 884 4056 Garat.
900 4017 955 4057 vtu.
971 4003 1026 4053 307.

383 4074 415 4134 ka)
429 4072 589 4122 Fnonoltuot.
602 4069 753 4119 chronicon.
773 4067 857 4126 Bono,
875 4065 950 4122 Vlll,
966 4064 1017 4123 ¹77,
1034 4064 1085 4121 180,
1103 4065 1155 4119 189.
1174 4064 1225 4119 193,
1243 4064 1295 4122 tat,
1309 4063 1364 4114 207.

380 4136 413 4196 (6)
427 4133 509 4191 Bono.
525 4131 556 4188 V.
575 4133 625 4183 tta.
641 4130 712 4182 Poet.
729 4130 789 4181 Sax.
802 4127 833 4185 V,
847 4129 903 4179 lut.
1412 4187 1426 4196 ..

382 4194 565 4260 (7)Va1ssnrn.
580 4209 623 4260 op.
642 4193 684 4243 cit.
703 4193 723 4247 Ι,
744 4192 791 4242 toa.
811 4193 999 4256 Fragmentum
1016 4190 1131 4254 Aigonis,
1152 4189 1259 4240 abbatis
1274 4190 1427 4239 monasterti

351 4258 516 4308 Wavrensis.
