3359 5142
806 558 975 656 eae-5·

754 859 930 922 CAPUT
979 859 1020 919 II

513 1091 607 1144 vDe
636 1085 919 1142 mercatibus
947 1090 996 1140 et
1024 1082 1237 1141 nundinis

763 1282 1073 1352 mwmm'

386 1495 545 1554 Mercatus
569 1493 655 1554 eninr
685 1493 836 1566 Franoira
862 1493 1068 1570 regnantibus
1090 1493 1262 1566 iiarolirris,
1293 1511 1429 1556 enume-

347 1609 418 1652 rare
440 1607 560 1664 ornnes
581 1608 630 1650 res
645 1574 784 1668 proferto
800 1589 901 1650 ardua
916 1590 1007 1661 foret,
1032 1589 1150 1667 quippe
1170 1590 1226 1668 qni
1247 1609 1303 1668 per
1327 1596 1429 1651 totum

346 1706 484 1766 regnum
500 1693 605 1748 essent
628 1686 752 1760 diti'usi3
770 1686 864 1747 sicuti
887 1686 1107 1747 demonstrant
1127 1684 1262 1765 hujusce
1278 1687 1431 1764 temporis

347 1783 542 1861 rapitularia,
561 1782 680 1860 quibus
695 1801 782 1844 nunc
804 1783 944 1844 Karalus
967 1784 1104 1860 Magnus
1127 1781 1269 1844 defendit
1285 1782 1329 1860 (t)
1353 1783 1432 1844 «uti

347 1880 527 1942 habeantur
535 1879 570 1939 in
581 1879 631 1940 die
641 1878 813 1953 dominica,
826 1879 889 1940 nisi
903 1879 961 1940 nbi
970 1880 1150 1958 antiquitus
1166 1887 1197 1942 et
1211 1879 1354 1956 legitime
1364 1898 1432 1941 esse

347 1976 499 2050 debent»,
514 1975 748 2036 nnnoKarolus
764 1975 879 2038 Calvus
891 1993 943 2037 eos
954 1977 1113 2038 recenseri
1124 1976 1215 2056 jubet
1225 1975 1283 2056 (⁵2).
1304 2001 1317 2031 ι
1329 1977 1431 2037 Votu-

290 2126 299 2143 ,
349 2092 422 2134 inus
445 2079 480 2133 nt
499 2073 724 2150 unnsquisque
739 2091 846 2134 comes
870 2072 909 2133 de
930 2073 1083 2135 comitatu
1095 2091 1154 2134 suo
1169 2074 1279 2134 omnia
1292 2080 1433 2135 mercata

347 2170 521 2232 inbreviari
542 2169 651 2244 faciat,
674 2176 704 2231 et
720 2171 796 2231 sciat
811 2170 902 2230 nobis
923 2171 1029 2232 dicere
1044 2189 1116 2248 qnae
1132 2177 1274 2232 mereata
1288 2177 1432 2248 tempore

347 2267 398 2328 avi
414 2267 515 2328 nostri
529 2267 670 2342 fuerunt,
688 2274 719 2327 et
734 2286 805 2346 quan
824 2274 964 2345 tempore
981 2268 1104 2328 domini
1119 2273 1150 2330 et
1164 2268 1317 2346 genitoris
1332 2269 1433 2328 nostri

349 2382 417 2426 esse
432 2374 607 2442 ruperunt,
632 2353 682 2425 net
697 2383 769 2443 [111ae
791 2364 878 2426 illius
892 2365 1080 2427 auctoritate
1102 2366 1273 2427 constituta
1287 2366 1429 2440 fuerunt,

349 2467 399 2528 vel
415 2485 487 2545 quae
502 2466 537 2527 in
558 2465 700 2544 antiquis
715 2467 791 2526 loois
807 2474 1005 2544 permanent,
1023 2473 1064 2541 st,
1082 2467 1109 2526 si
1124 2473 1248 2527 mutata
1271 2474 1356 2541 snut,
1373 2486 1431 2528 ru-

225 2573 227 2580 ‘
311 2633 315 2646 A
347 2563 401 2642 jus
416 2563 601 2626 auctoritate
616 2570 740 2624 mutata
754 2564 898 2624 inerunt.
916 2564 955 2624 Et
969 2563 1075 2641 ipsum
1099 2563 1230 2624 brevem
1256 2563 1432 2641 unnsquis-

313 2653 314 2660 '
348 2681 413 2739 ¹(rue
428 2679 534 2724 comes
549 2660 589 2722 ad
611 2661 793 2739 proximum
817 2661 971 2738 placitum
988 2661 1077 2722 nobis
1091 2661 1246 2738 adportet,
1264 2669 1301 2721 ut
1323 2662 1433 2723 derer-

351 2777 427 2821 nere
448 2758 607 2836 possimus
635 2765 794 2836 quatenns
821 2758 1000 2819 necessaria
1025 2766 1057 2819 et
1080 2758 1192 2827 utilia,
1224 2764 1255 2819 et
1284 2777 1356 2837 quae
1378 2777 1436 2837 per

322 2875 324 2878 ·
350 2857 572 2918 auctoritatem
588 2864 664 2918 sunt
678 2861 838 2930 maneant,
858 2875 931 2934 quur
955 2874 1031 2917 vero
1053 2856 1217 2934 superflua
1238 2856 1434 2919 interdican-

320 2969 325 3046 Ι
353 2962 416 3029 tur,
434 2954 483 3016 vel
499 2954 565 3014 suis
580 2955 657 3016 locis
673 2955 894 3016 restituantur.
914 2978 927 3008 ι
945 2954 1056 3027 Quum
1079 2972 1164 3028 vero,
1183 2973 1238 3015 seu
1262 2956 1352 3028 forte,
1378 2973 1436 3016 sen

352 3072 408 3131 per
423 3053 594 3128 incuriam,
612 3053 702 3114 nulla
716 3054 755 3114 ad
770 3071 828 3113 nos
843 3053 1023 3129 pervenerit
1042 3052 1198 3113 comitum
1219 3053 1431 3126 enumeratio,

353 3170 416 3212 non
433 3158 480 3212 est
505 3159 541 3212 nt
556 3152 580 3212 F
582 3152 698 3212 raneite
714 3156 875 3211 mercatus
891 3167 1124 3211 reoenseamus.
1141 3148 1226 3211 Illud
1243 3157 1351 3211 tamen
1364 3150 1435 3212 ani-

349 3249 632 3324 madvertendum,
651 3249 769 3310 scilieet
790 3248 822 3307 in
840 3247 975 3326 urbibus
991 3242 1354 3326 prrooipne'constitutos
1369 3266 1436 3308 esse

353 3355 530 3421 me1·oatus;
549 3347 686 3425 ideoque
702 3365 739 3408 ea
753 3346 845 3407 nobis
858 3344 1019 3406 incumbit
1034 3345 1199 3423 provincia
1214 3346 1310 3406 nrbes
1325 3363 1436 3406 recen.-

353 3447 444 3508 sendi
458 3446 620 3507 interioris
635 3445 776 3506 Francia
791 3462 864 3522 quae
879 3445 1071 3516 commercio
1087 3443 1253 3503 florebant.

395 3545 510 3604 Paucae
527 3549 603 3602 tune
618 3542 783 3603 exstabant
804 3542 956 3614 civitates7
976 3557 1056 3618 quas
1077 3540 1286 3600 historiarum
1310 3539 1438 3615 scripto-

355 3658 405 3700 res
419 3646 600 3701 memorant
614 3646 724 3716 utpote
740 3638 933 3699 commercio
949 3644 1106 3698 vacantes
1124 3637 1317 3698 Atrebatum
1331 3642 1437 3695 tamen

356 3737 465 3799 civitas
494 3755 676 3816 pannorum
702 3737 870 3797 laneorum
900 3735 1032 3796 texturis
1061 3742 1209 3795 asanrto
1239 3735 1439 3812 Hieronymo

354 3835 487 3897 celebris
507 3834 561 3914 (3),
582 3835 855 3911 Virodunumque
879 3832 1076 3892 nominanda
1097 3841 1173 3892 sunt
1195 3832 1227 3891 in
1250 3831 1438 3909 septentrio-

353 3935 417 3995 nali
443 3934 583 3995 Franoire
613 3940 728 4011 parte:
755 3931 960 3991 Virodunum
982 3931 1150 4008 prrreipue,
1178 3930 1264 4007 quod
1288 3947 1439 4006 gerraroso

386 4118 417 4179 (Γ)
432 4119 544 4167 Banuzs.
561 4119 580 4170 Ι,
596 4118 648 4172 dit.
663 4131 724 4181 oop-
743 4115 844 4178 wod).
859 4117 881 4163 8.
917 4112 922 4120 ’

388 4182 420 4244 (i)
435 4181 544 4233 Bannzn.
560 4180 594 4234 ll,
615 4180 663 4235 182,
679 4179 719 4229 ed.
737 4176 877 4240 risnttutj,
897 4177 932 4227 tt.

386 4244 418 4306 (i)
433 4243 565 4300 Bouounr.
582 4242 601 4299 Ι,
621 4242 674 4292 bit.
