3359 5142
822 557 984 632 ...60-

365 718 530 787 gataenon
554 708 648 789 modo
667 708 808 788 praebere
836 710 999 782 alimenta,
1024 709 1078 770 sed
1103 709 1202 776 etiam¹
1227 709 1360 779 vestitus
1388 717 1444 771 aut

365 800 563 866 ornamenta.
580 805 659 867 lude
674 805 859 868 commercii
873 806 1041 886 cujusdam
1056 805 1154 883 origo,
1167 805 1254 883 quod
1269 806 1444 882 sacerdotes

365 903 437 963 irati
466 909 675 982 respuerunt⁷
707 921 781 964 mox
811 903 1033 981 prudentiores
1060 902 1285 980 permiserunt,
1317 908 1348 963 et
1371 901 1444 964 dein

365 1004 472 1076 aperte
488 1006 650 1060 rexerunt.
668 1000 747 1061 Inde
762 1006 945 1062 sanctarum
966 1000 1189 1060 nundinarum
1212 997 1272 1058 sub
1295 998 1445 1059 adminis-

366 1095 498 1157 tratione
514 1095 715 1156 sacerdotum
730 1095 857 1172 creatio,
871 1097 945 1158 inde
956 1096 1248 1174 privilegiamagua
1263 1103 1294 1156 et
1308 1096 1444 1157 innum-

364 1209 450 1266 nera,
474 1191 591 1252 scilicet
615 1193 810 1255 tributorum
834 1194 1003 1272 exemptio,
1027 1193 1245 1270 securitasque
1264 1193 1444 1271 negotiato-

365 1304 450 1346 rum.
983 1291 986 1297 '

405 1383 478 1443 Non
494 1376 543 1443 est‘
556 1389 590 1443 ut
607 1401 717 1444 omnes
733 1403 962 1446 enumeremus
977 1385 1138 1446 nundinas
1156 1403 1239 1463 quar,
1262 1392 1445 1446 sanctarum

366 1479 577 1558 reliquiarum
593 1481 652 1541 sub
671 1481 856 1559 patrocium,
882 1481 917 1540 in
940 1481 1073 1542 Francia
1094 1481 1274 1542 constitutae
1301 1482 1444 1542 luerunt.

365 1577 558 1638 blouasteria
573 1579 660 1639 enim
680 1580 746 1640 lere
762 1578 871 1640 omnia
892 1586 948 1638 aut
972 1579 1120 1663 ecclesias
1144 1597 1256 1640 omnes
1278 1579 1446 1640 nominare

364 1674 563 1737 deberemus
597 1677 644 1736 De
678 1677 892 1738 celeberrimis
920 1683 1028 1737 autem
1058 1676 1090 1737 S.
1118 1676 1264 1756 Dyonisii
1293 1676 1447 1737 nundinis
1508 1718 1511 1722 -

364 1787 465 1847 pauca
479 1769 612 1834 dicenda
627 1779 701 1834 sunt
718 1771 773 1852 (1).
1331 1768 1333 1773 ’

679 2006 831 2066 ll'undt'na
859 2006 964 2066 Sancti
986 2007 1132 2084 Dpout'at‘i.

404 2191 484 2252 Dua
512 2191 680 2252 dissimiles
704 2191 737 2251 in
759 2192 871 2253 eodem
902 2192 970 2253 loco
994 2191 1158 2253 exstabant
1183 2191 1347 2266 nundina,
1366 2210 1447 2270 quas

363 2289 554 2368 plerumque
569 2307 633 2349 non
649 2290 859 2369 sejunxerunt
874 2290 1052 2368 scriptores
1071 2307 1137 2349 una
1151 2289 1298 2351 videlicet
1313 2308 1331 2350 a
1346 2290 1447 2368 Dago-

363 2386 452 2448 berto
468 2404 551 2464 rege,
576 2387 675 2447 altera
688 2394 797 2448 autem
821 2405 887 2446 nou
906 2404 926 2446 a
947 2386 1066 2447 Karolo
1085 2387 1214 2462 Magno
1242 2386 1335 2447 sicuti
1352 2387 1448 2448 refert

363 2483 440 2544 falsa
455 2483 593 2559 traditio,
611 2483 665 2544 sed
679 2484 785 2544 forsan
800 2502 819 2544 a
833 2483 952 2544 Karolo
976 2482 1072 2543 Calvo
1093 2481 1249 2544 instituta.
1280 2482 1446 2560 Dagober-

364 2588 415 2640 tus
430 2581 754 2658 enim‚utperegrinis
770 2581 901 2654 faveret,
914 2598 997 2658 quos
1011 2579 1232 2640 anniversaria
1240 2579 1383 2640 adoratio
1394 2598 1447 2640 re-

363 2676 539 2754 liquiarum
550 2678 706 2756 Dyonisii‚
725 2678 850 2740 Rustici
864 2695 900 2739 ac
914 2676 1081 2738 Eleutheri
1094 2677 1249 2737 invitabat
1260 2677 1314 2756 (⁴2),
1329 2702 1343 2732 ι(
1359 2695 1449 2738 areas

364 2774 520 2852 quasdam
541 2775 624 2836 iufra
646 2783 798 2854 extraque
821 2775 983 2835 civitatem
1008 2774 1137 2848 Parisii,
1156 2780 1187 2834 et
1206 2781 1333 2851 portam
1347 2774 1449 2852 ipsius

364 2871 500 2934 civitatis
515 2890 586 2952 quae
601 2873 660 2933 sita
675 2880 722 2934 est
734 2872 826 2953 juxta
840 2889 1001 2933 carcerem
1016 2870 1176 2945 Glaucini‚
1194 2889 1269 2930 cum
1295 2871 1447 2931 omuibus

365 2969 533 3030 teloneis...
551 2971 591 3030 ad
615 2988 728 3030 eorum
745 2969 910 3030 basilicam
934 2969 1072 3042 tradidit,
1097 2977 1127 3029 et
1149 2986 1206 3046 per
1229 2969 1278 3029 sui
1300 2970 1448 3047 praecepti

364 3067 585 3128 auctoritatem
601 3067 826 3146 perpetualiter
840 3067 873 3126 id
889 3084 954 3127 csse
969 3083 1161 3126 mansurum
1177 3066 1298 3144 proprii
1307 3066 1448 3127 nominis

365 3165 595 3244 subscriptione
610 3173 706 3244 atque
722 3165 833 3226 annuli
849 3164 1056 3242 impressione
1070 3164 1222 3224 firmavit.
1238 3188 1251 3218 »
1269 3164 1356 3224 Illud
1370 3182 1446 3226 vero

365 3265 405 3325 ad
420 3264 592 3326 monachos
607 3264 711 3325 solum
726 3263 890 3324 attinebat.
909 3261 1083 3340 Privilegia
1098 3269 1207 3324 autem
1222 3261 1283 3340 ipsi
1297 3261 1448 3322 monachi

366 3361 615 3439 negotiatoribus
630 3361 732 3422 multa
747 3377 939 3432 concessere,
960 3358 1081 3421 scilicet
1097 3359 1292 3444 tributorum
1307 3359 1448 3420 diminu-

366 3461 485 3521 tionem
500 3466 530 3520 et
544 3460 745 3521 securitatem
758 3457 813 3538 (3).
832 3459 906 3518 Mox
915 3457 1014 3535 igitur
1029 3457 1169 3519 celebres
1184 3463 1356 3518 evaseruut
1371 3456 1449 3516 tales

366 3557 529 3628 nundinae,
540 3574 619 3634 quos
627 3557 831 3635 frequentare
847 3555 1035 3633 inceperunt
1049 3555 1262 3632 negotiatores
1272 3571 1337 3614 uon
1352 3553 1448 3613 modo

367 3675 384 3717 e
407 3655 540 3717 diversis
561 3655 702 3716 Francia
726 3653 898 3732 provinciis
920 3653 1094 3714 sedetiam
1118 3670 1135 3712 e
1156 3651 1378 3711 remotissimis
1403 3650 1447 3730 (4)

299 3808 301 3814 ,
367 3754 511 3832 Europae
535 3751 729 3830 regionibus²
757 3750 895 3812 Sasonia
920 3749 1047 3823 scilicet,
1075 3748 1252 3824 Hungaria
1280 3747 1448 3826 Hispania·

368 3871 442 3930 que.

398 4012 430 4072 (l)
445 4011 629 4066 Bounoumcr.
644 4007 663 4062 l,
683 4007 718 4062 lt,
736 4013 785 4056 etc.

399 4076 431 4134 (t)
446 4072 567 4122 Monaclr.
580 4072 607 4121 S.
624 4071 707 4134 Dpon.
724 4071 760 4117 33.
777 4070 910 4125 Boanum.
926 4065 972 4123 IV,
988 4065 1167 4115 tta-ttesta
1177 4066 1320 4130 Dugoberti
1332 4069 1376 4130 (au
1389 4068 1447 4128 633)

368 4139 379 4199 ξ
395 4137 431 4192 3'1.
448 4136 581 4192 Bououu'r.
595 4134 629 4190 ll,
646 4135 698 4182 588.

400 4201 431 4257 tp
447 4199 575 4246 Fautores.
590 4196 657 4246 Hist.
673 4195 704 4245 de
719 4193 902 4244 Saint-llenls.
916 4207 942 4256 p.
961 4191 996 4240 l-l.

400 4261 431 4322 il)
447 4261 547 4309 Forsan
562 4259 597 4310 nil
612 4258 685 4307 aliud
697 4271 777 4322 otram
793 4255 941 4309 Britannia.
957 4259 1021 4305 tunc
1035 4269 1051 4304 a
1063 4253 1215 4304 saxonibus
1229 4256 1367 4318 occupata.
