3359 5142
698 588 858 652 ,45-

240 737 324 798 fatus
338 743 427 815 pater
441 738 683 801 multitudinem
699 739 858 818 copiosam
873 746 1137 801 ornamentorum
1158 740 1314 803 inaudito

240 852 315 895 rum
329 834 465 913 diligens
489 836 663 915 exquisitor
684 835 866 914 adquisivit,
893 836 1039 898 videlicet
1061 855 1254 915 magnorum
1276 858 1314 901 ex

239 931 312 994 lana
325 932 508 1011 dossalium,
522 934 729 1009 cortinarum,
742 934 941 1008 lasterdium,
955 939 1104 1011 tapetum,
1120 934 1311 1013 bancalium,

239 1035 484 1110 ceterorumque
519 1037 693 1093 ornatuum
722 1032 817 1092 variis
845 1031 1041 1109 imaginibus
1068 1033 1312 1110 insculptornm.

240 1125 363 1204 Nempe
377 1126 456 1188 duas
470 1127 614 1189 mirificae
630 1127 791 1205 qualitatis
813 1133 845 1187 et
865 1127 1051 1204 quantitatis
1079 1132 1227 1210 componi
1241 1132 1316 1193 lecit

238 1223 363 1298 aulaeas,
380 1241 452 1302 quae
473 1231 640 1304 trapezytae
654 1224 833 1286 conductivi
850 1224 987 1302 pretiosa
1011 1225 1214 1304 elephanteas
1231 1227 1314 1288 ima·

238 1319 327 1396 gines
343 1329 474 1384 venuste
495 1323 692 1384 continentes
716 1326 923 1383 consuerunt.
942 1320 1039 1381 Binos
1058 1322 1155 1384 etiam
1184 1340 1221 1383 ex
1242 1323 1315 1385 lana

238 1415 376 1478 dossales
392 1419 455 1479 texi
470 1419 628 1497 praecepit.
645 1418 727 1480 Item
746 1417 920 1479 clarissima
940 1417 1071 1478 leonum
1086 1420 1188 1496 specie
1204 1419 1314 1498 multae

237 1513 443 1591 longitudinis
472 1517 661 1594 sanguineos
684 1521 842 1592 gestantes
860 1531 987 1592 campos
1008 1514 1085 1575 alios
1099 1515 1255 1591 feceruut,
1278 1515 1312 1575 in

240 1610 357 1689 quibus
378 1629 488 1690 margo
503 1620 570 1675 erat
584 1610 738 1674 candidus
752 1611 872 1681 bestiae,
888 1612 939 1673 vel
952 1629 1026 1673 aves
1041 1611 1158 1674 rubea.
1179 1636 1192 1666 v

276 1709 606 1776 Animadvertendum
626 1711 725 1789 igitur
740 1710 809 1790 jam
824 1718 901 1771 tunc
919 1710 1005 1787 apud
1027 1709 1164 1788 majores
1187 1715 1314 1770 nostros

233 1811 321 1868 'artes
343 1807 432 1870 illam
460 1808 652 1871 affectavisse
680 1808 882 1886 elegantiam,
903 1825 976 1886 quae
995 1825 1082 1868 iinnc
1103 1807 1262 1885 peculiare
1285 1811 1317 1867 et

240 1903 404 1980 proprium
420 1905 569 1980 Franciae,
587 1913 623 1966 ut
638 1905 683 1966 ita
703 1905 818 1981 dicam,
834 1905 1065 1982 patrimonium
1078 1904 1193 1966 evadit.

465 2163 502 2222 lle
525 2163 640 2223 ortibus
664 2180 729 2238 qua
750 2172 883 2238 spectant
906 2162 946 2222 od
968 2162 1102 2223 metallo.

279 2389 396 2450 Nostro
411 2389 543 2467 quidem
566 2397 708 2469 tempore
731 2389 828 2451 nullae
852 2394 937 2450 artes
964 2387 1066 2464 magis
1080 2385 1196 2447 florent
1218 2403 1318 2464 quam

239 2484 301 2546 illan
316 2502 389 2563 quae
404 2491 545 2563 spectant
559 2485 599 2546 ad
620 2484 774 2546 metalla:
794 2485 866 2546 Non
888 2492 996 2545 autem
1014 2485 1059 2544 ita
1081 2500 1114 2544 se
1136 2500 1187 2544 res
1206 2481 1318 2559 agebat

240 2581 449 2659 regnantibus
464 2582 636 2644 Karolinis.
654 2581 854 2642 Documenta
868 2581 954 2642 enim
969 2581 1034 2641 fere
1049 2578 1131 2640 nihil
1145 2578 1184 2640 de
1199 2578 1260 2640 bac
1284 2597 1318 2641 re

239 2684 429 2739 memorant.

279 2775 322 2835 At
336 2775 424 2836 enim
438 2792 528 2836 arma
541 2793 598 2853 pro
613 2774 770 2836 militibus
785 2783 842 2836 ant
856 2773 1059 2836 venatoribus
1081 2778 1158 2834 tunc
1180 2771 1316 2833 fabrica-

238 2873 373 2934 bantur:
397 2891 463 2933 uon
478 2879 544 2934 erat
559 2879 595 2934 ut
609 2873 655 2934 nil
669 2878 847 2950 superesset
861 2872 900 2933 de
914 2870 1042 2932 fabricis
1055 2885 1135 2947 quas
1150 2873 1319 2928 enumerat

239 2972 352 3032 notitia
380 2971 424 3049 (l)
454 2970 647 3048 dignitatur,
678 2970 797 3032 scilicet
823 2971 1125 3047 Argentoratensem
1152 2982 1317 3026 armorum

240 3069 396 3143 omnium,
415 3069 680 3129 Matiscoueusem
695 3067 900 3144 sagittariam,
914 3060 1318 3143 Augustodunensemlori·

240 3167 373 3241 cariam,
405 3165 665 3227 Suessionensem
694 3165 883 3238 scutariam,
914 3164 1107 3226 Remensem
1135 3160 1316 3238 spatariam,
1422 3235 1427 3245 1

240 3263 448 3324 Triberorum
472 3263 643 3324 scutariam
664 3269 696 3323 et
718 3261 924 3336 balistariam,
949 3259 1199 3320 Ambianensem
1213 3264 1318 3334 spata-

240 3361 323 3421 riam
337 3365 368 3420 et
382 3359 565 3420 scutariam.
588 3359 637 3421 Ita
651 3377 802 3437 prorsus:
831 3376 937 3436 neque
962 3357 1031 3418 sine
1052 3355 1219 3429 industria,
1237 3371 1318 3432 que-

241 3455 452 3519 madmodum
473 3456 506 3516 id
530 3455 659 3518 credere
680 3473 851 3534 possumus
871 3473 909 3516 ex
925 3453 1024 3516 armis
1038 3453 1073 3513 in
1089 3453 1219 3513 Musaeis
1240 3468 1318 3512 con-

241 3554 383 3617 servatis,
406 3555 476 3615 Imo
498 3551 636 3631 Gangius
657 3554 788 3615 nomina
812 3553 915 3613 multa
934 3550 1134 3612 enumeravit
1152 3564 1319 3610 armorum

242 3658 320 3713 tunc
344 3652 536 3713 usitatorum
552 3649 608 3730 (2).
630 3649 694 3711 Ubi
708 3666 784 3710 vero
802 3647 1041 3708 fabricabantur
1060 3644 1231 3705 incertum.
1249 3644 1318 3704 No·
1372 3689 1377 3698 .

242 3756 348 3810 temus
365 3755 469 3809 tamen
483 3765 547 3808 non
561 3747 687 3808 licuisse
701 3744 851 3806 omnibus
865 3761 955 3806 arma
969 3742 1106 3804 vendere
1122 3766 1129 3800 ε
1156 3738 1318 3818 Capitula-
1357 3735 1362 3746 “

242 3847 328 3908 rium
344 3845 388 3926 (3)
403 3845 495 3908 enim'
506 3851 606 3906 exstat
621 3841 729 3903 Karoli
744 3840 852 3918 magni
869 3863 883 3894 t
899 3839 939 3901 de
953 3837 1059 3899 loricis
1073 3843 1159 3898 eitra
1182 3851 1319 3914 regnum

242 3961 306 4004 nou
322 3942 506 4004 vendendis.
527 3965 540 3996 v

275 4144 308 4208 (l)
322 4142 422 4194 Notitia
435 4142 601 4206 dignitatum.
616 4139 698 4198 Bono.
715 4139 734 4196 1.
753 4140 803 4190 126.

276 4209 308 4270 (i)
323 4207 428 4256 Indices
441 4207 468 4256 in
480 4205 588 4268 (langiu,
605 4203 645 4252 dd.
661 4201 803 4254 Heuschel.
1039 4261 1044 4271 Ι
1114 4262 1123 4270 Π

275 4270 308 4336 (3)
325 4269 387 4320 Bit.
403 4269 424 4327 l,
441 4269 491 4327 198,
506 4281 564 4333 cop.
579 4266 642 4330 (779)
653 4265 690 4317 20.
706 4265 744 4315 cl.
761 4264 823 4314 Bau.
839 4262 874 4321 ΙΙ,
892 4261 943 4319 186,
958 4261 998 4311 on.
1015 4260 1080 4310 Pist.
1096 4260 1134 4311 ic.
