<?xml version="1.0" encoding="UTF-8"?>
<!DOCTYPE html PUBLIC "-//W3C//DTD XHTML 1.0 Transitional//EN"
    "http://www.w3.org/TR/xhtml1/DTD/xhtml1-transitional.dtd">
<html xmlns="http://www.w3.org/1999/xhtml" xml:lang="en" lang="en">
 <head>
  <title>
</title>
<meta http-equiv="Content-Type" content="text/html;charset=utf-8" />
  <meta name='ocr-system' content='tesseract 3.04.00' />
  <meta name='ocr-capabilities' content='ocr_page ocr_carea ocr_par ocr_line ocrx_word'/>
</head>
<body>
  <div class='ocr_page' id='page_1' title='image "./defranciaecomme00gaffgoog_0065.png"; bbox 0 0 3359 5142; ppageno 0'>
   <div class='ocr_carea' id='block_1_1' title="bbox 696 596 856 661">
    <p class='ocr_par' dir='ltr' id='par_1_1' title="bbox 696 596 856 661">
     <span class='ocr_line' id='line_1_1' title="bbox 696 596 856 661; baseline 0.013 -19"><span class='ocrx_word' id='word_1_1' title='bbox 696 596 856 661; x_wconf 66' lang='lat'><strong>-63-</strong></span> 
     </span>
    </p>
   </div>
   <div class='ocr_carea' id='block_1_2' title="bbox 583 881 894 976">
    <p class='ocr_par' dir='ltr' id='par_1_2' title="bbox 583 881 894 976">
     <span class='ocr_line' id='line_1_2' title="bbox 583 881 894 976; baseline -0.003 -32"><span class='ocrx_word' id='word_1_2' title='bbox 583 973 584 976; x_wconf 4' lang='grc' dir='ltr'><strong><em>Ν</em></strong></span> <span class='ocrx_word' id='word_1_3' title='bbox 665 881 806 944; x_wconf 77' lang='lat' dir='ltr'><strong><em>aanor</em></strong></span> <span class='ocrx_word' id='word_1_4' title='bbox 846 883 894 943; x_wconf 85' lang='lat' dir='ltr'><strong><em>ru</em></strong></span> 
     </span>
    </p>
   </div>
   <div class='ocr_carea' id='block_1_3' title="bbox 476 1099 1068 1168">
    <p class='ocr_par' dir='ltr' id='par_1_3' title="bbox 476 1099 1068 1168">
     <span class='ocr_line' id='line_1_3' title="bbox 476 1099 1068 1168; baseline 0 -14"><span class='ocrx_word' id='word_1_5' title='bbox 476 1102 547 1155; x_wconf 83' lang='lat' dir='ltr'><strong><em>De</em></strong></span> <span class='ocrx_word' id='word_1_6' title='bbox 588 1099 798 1154; x_wconf 75' lang='lat' dir='ltr'><strong><em>Franeiae</em></strong></span> <span class='ocrx_word' id='word_1_7' title='bbox 840 1102 1068 1168; x_wconf 73' lang='lat' dir='ltr'><strong><em>portubus</em></strong></span> 
     </span>
    </p>
   </div>
   <div class='ocr_carea' id='block_1_4' title="bbox 534 1311 1009 1370">
    <p class='ocr_par' dir='ltr' id='par_1_4' title="bbox 534 1311 1009 1370">
     <span class='ocr_line' id='line_1_4' title="bbox 534 1311 1009 1370; baseline 0.002 -1"><span class='ocrx_word' id='word_1_8' title='bbox 534 1311 643 1370; x_wconf 84' lang='lat' dir='ltr'><strong><em>Portas</em></strong></span> <span class='ocrx_word' id='word_1_9' title='bbox 668 1311 878 1370; x_wconf 71' lang='lat' dir='ltr'><strong><em>Mediterranei</em></strong></span> <span class='ocrx_word' id='word_1_10' title='bbox 901 1311 1009 1370; x_wconf 74' lang='lat' dir='ltr'><strong><em>aeraria</em></strong></span> 
     </span>
    </p>
   </div>
   <div class='ocr_carea' id='block_1_5' title="bbox 232 1493 1315 2157">
    <p class='ocr_par' dir='ltr' id='par_1_5' title="bbox 235 1493 1313 1766">
     <span class='ocr_line' id='line_1_5' title="bbox 273 1493 1313 1572; baseline 0.002 -16"><span class='ocrx_word' id='word_1_11' title='bbox 273 1494 441 1569; x_wconf 85' lang='lat' dir='ltr'>Quomodo</span> <span class='ocrx_word' id='word_1_12' title='bbox 456 1493 634 1571; x_wconf 85' lang='lat' dir='ltr'><strong><em>negatiores</em></strong></span> <span class='ocrx_word' id='word_1_13' title='bbox 649 1493 779 1555; x_wconf 89' lang='lat' dir='ltr'><strong><em>advenae</em></strong></span> <span class='ocrx_word' id='word_1_14' title='bbox 795 1494 1017 1572; x_wconf 66' lang='lat' dir='ltr'><strong><em>exciperentur</em></strong></span> <span class='ocrx_word' id='word_1_15' title='bbox 1038 1495 1072 1555; x_wconf 92' lang='lat' dir='ltr'><strong><em>in</em></strong></span> <span class='ocrx_word' id='word_1_16' title='bbox 1095 1495 1228 1558; x_wconf 82' lang='lat' dir='ltr'>Francia</span> <span class='ocrx_word' id='word_1_17' title='bbox 1254 1516 1313 1558; x_wconf 94' lang='lat' dir='ltr'><strong><em>no-</em></strong></span> 
     </span>
     <span class='ocr_line' id='line_1_6' title="bbox 235 1591 1313 1672; baseline 0.005 -20"><span class='ocrx_word' id='word_1_18' title='bbox 235 1601 306 1654; x_wconf 91' lang='lat' dir='ltr'><strong><em>tum</em></strong></span> <span class='ocrx_word' id='word_1_19' title='bbox 320 1599 367 1654; x_wconf 93' lang='lat' dir='ltr'><strong><em>est</em></strong></span> <span class='ocrx_word' id='word_1_20' title='bbox 382 1618 388 1652; x_wconf 92' lang='lat'>:</span> <span class='ocrx_word' id='word_1_21' title='bbox 408 1592 476 1652; x_wconf 90' lang='lat' dir='ltr'><strong><em>loca</em></strong></span> <span class='ocrx_word' id='word_1_22' title='bbox 489 1591 589 1669; x_wconf 82' lang='lat' dir='ltr'><strong><em>igitur</em></strong></span> <span class='ocrx_word' id='word_1_23' title='bbox 604 1591 823 1653; x_wconf 88' lang='lat' dir='ltr'><strong><em>enumeranda</em></strong></span> <span class='ocrx_word' id='word_1_24' title='bbox 837 1598 914 1654; x_wconf 92' lang='lat' dir='ltr'><strong><em>sunt</em></strong></span> <span class='ocrx_word' id='word_1_25' title='bbox 928 1610 1001 1671; x_wconf 75' lang='lat' dir='ltr'><strong><em>quae</em></strong></span> <span class='ocrx_word' id='word_1_26' title='bbox 1026 1594 1228 1672; x_wconf 87' lang='lat' dir='ltr'><strong><em>potissimum</em></strong></span> <span class='ocrx_word' id='word_1_27' title='bbox 1243 1596 1313 1656; x_wconf 90' lang='lat' dir='ltr'><strong><em>adi-</em></strong></span> 
     </span>
     <span class='ocr_line' id='line_1_7' title="bbox 235 1687 861 1766; baseline -0.005 -16"><span class='ocrx_word' id='word_1_28' title='bbox 235 1696 304 1751; x_wconf 88' lang='lat' dir='ltr'><strong><em>rent</em></strong></span> <span class='ocrx_word' id='word_1_29' title='bbox 319 1688 356 1750; x_wconf 92' lang='lat' dir='ltr'><strong><em>ad</em></strong></span> <span class='ocrx_word' id='word_1_30' title='bbox 374 1688 615 1766; x_wconf 81' lang='lat' dir='ltr'><strong><em>negotiandum.</em></strong></span> <span class='ocrx_word' id='word_1_31' title='bbox 856 1687 861 1694; x_wconf 86' lang='lat'>&#39;</span> 
     </span>
    </p>

    <p class='ocr_par' dir='ltr' id='par_1_6' title="bbox 232 1785 1315 2157">
     <span class='ocr_line' id='line_1_8' title="bbox 272 1785 1314 1852; baseline 0.003 -4"><span class='ocrx_word' id='word_1_32' title='bbox 272 1787 312 1848; x_wconf 92' lang='lat' dir='ltr'><strong><em>In</em></strong></span> <span class='ocrx_word' id='word_1_33' title='bbox 322 1785 548 1848; x_wconf 88' lang='lat' dir='ltr'><strong><em>Mediterranei</em></strong></span> <span class='ocrx_word' id='word_1_34' title='bbox 563 1785 662 1846; x_wconf 92' lang='lat' dir='ltr'><strong><em>maris</em></strong></span> <span class='ocrx_word' id='word_1_35' title='bbox 676 1785 836 1847; x_wconf 77' lang='lat' dir='ltr'>littoribus</span> <span class='ocrx_word' id='word_1_36' title='bbox 852 1785 985 1848; x_wconf 89' lang='lat' dir='ltr'><strong><em>florebat</em></strong></span> <span class='ocrx_word' id='word_1_37' title='bbox 1007 1796 1081 1848; x_wconf 77' lang='lat' dir='ltr'><strong><em>aitte</em></strong></span> <span class='ocrx_word' id='word_1_38' title='bbox 1106 1805 1218 1852; x_wconf 92' lang='lat' dir='ltr'><strong><em>omnes</em></strong></span> <span class='ocrx_word' id='word_1_39' title='bbox 1236 1789 1314 1851; x_wconf 89' lang='lat' dir='ltr'><strong><em>alias</em></strong></span> 
     </span>
     <span class='ocr_line' id='line_1_9' title="bbox 233 1882 1314 1962; baseline 0 -17"><span class='ocrx_word' id='word_1_40' title='bbox 233 1883 329 1946; x_wconf 90' lang='lat' dir='ltr'><strong><em>urbes</em></strong></span> <span class='ocrx_word' id='word_1_41' title='bbox 353 1883 485 1961; x_wconf 88' lang='lat' dir='ltr'><strong><em>antiqua</em></strong></span> <span class='ocrx_word' id='word_1_42' title='bbox 508 1882 658 1944; x_wconf 83' lang='lat' dir='ltr'>Massilia.</span> <span class='ocrx_word' id='word_1_43' title='bbox 675 1883 753 1962; x_wconf 83' lang='lat' dir='ltr'><strong><em>Ejus</em></strong></span> <span class='ocrx_word' id='word_1_44' title='bbox 778 1890 887 1944; x_wconf 85' lang='lat' dir='ltr'><strong><em>tamen</em></strong></span> <span class='ocrx_word' id='word_1_45' title='bbox 901 1884 1005 1945; x_wconf 89' lang='lat' dir='ltr'><strong><em>solum</em></strong></span> <span class='ocrx_word' id='word_1_46' title='bbox 1021 1884 1067 1944; x_wconf 92' lang='lat' dir='ltr'><strong><em>nil</em></strong></span> <span class='ocrx_word' id='word_1_47' title='bbox 1081 1885 1170 1947; x_wconf 91' lang='lat' dir='ltr'><strong><em>aliud</em></strong></span> <span class='ocrx_word' id='word_1_48' title='bbox 1194 1886 1314 1947; x_wconf 85' lang='lat' dir='ltr'><strong><em>serebat</em></strong></span> 
     </span>
     <span class='ocr_line' id='line_1_10' title="bbox 233 1979 1314 2060; baseline 0.002 -18"><span class='ocrx_word' id='word_1_49' title='bbox 233 1999 333 2060; x_wconf 90' lang='lat' dir='ltr'><strong><em>quam</em></strong></span> <span class='ocrx_word' id='word_1_50' title='bbox 350 1999 400 2042; x_wconf 89' lang='lat' dir='ltr'><strong><em>res</em></strong></span> <span class='ocrx_word' id='word_1_51' title='bbox 414 1980 454 2042; x_wconf 90' lang='lat' dir='ltr'><strong><em>ad</em></strong></span> <span class='ocrx_word' id='word_1_52' title='bbox 469 1980 567 2041; x_wconf 84' lang='lat' dir='ltr'><strong><em>vitam</em></strong></span> <span class='ocrx_word' id='word_1_53' title='bbox 591 1979 794 2054; x_wconf 73' lang='lat' dir='ltr'><strong><em>necessariae,</em></strong></span> <span class='ocrx_word' id='word_1_54' title='bbox 811 1980 927 2042; x_wconf 90' lang='lat' dir='ltr'><strong><em>vinum</em></strong></span> <span class='ocrx_word' id='word_1_55' title='bbox 954 1981 1083 2057; x_wconf 87' lang='lat' dir='ltr'><strong><em>scilicet,</em></strong></span> <span class='ocrx_word' id='word_1_56' title='bbox 1102 1981 1219 2055; x_wconf 91' lang='lat' dir='ltr'><strong><em>oleum,</em></strong></span> <span class='ocrx_word' id='word_1_57' title='bbox 1248 1984 1314 2044; x_wconf 87' lang='lat' dir='ltr'><strong><em>fru-</em></strong></span> 
     </span>
     <span class='ocr_line' id='line_1_11' title="bbox 232 2077 1315 2157; baseline 0.004 -18"><span class='ocrx_word' id='word_1_58' title='bbox 232 2085 444 2156; x_wconf 82' lang='lat' dir='ltr'><strong><em>mentumque</em></strong></span> <span class='ocrx_word' id='word_1_59' title='bbox 460 2077 515 2157; x_wconf 88' lang='lat'>(1).</span> <span class='ocrx_word' id='word_1_60' title='bbox 541 2077 681 2139; x_wconf 86' lang='lat' dir='ltr'>Massilia</span> <span class='ocrx_word' id='word_1_61' title='bbox 704 2095 790 2153; x_wconf 79' lang='lat' dir='ltr'><strong><em>vero,</em></strong></span> <span class='ocrx_word' id='word_1_62' title='bbox 819 2078 1093 2156; x_wconf 88' lang='lat' dir='ltr'><strong><em>quemadmodum</em></strong></span> <span class='ocrx_word' id='word_1_63' title='bbox 1117 2080 1196 2141; x_wconf 88' lang='lat' dir='ltr'><strong><em>olim</em></strong></span> <span class='ocrx_word' id='word_1_64' title='bbox 1218 2081 1315 2144; x_wconf 87' lang='lat' dir='ltr'><strong><em>urbes</em></strong></span> 
     </span>
    </p>
   </div>
   <div class='ocr_carea' id='block_1_6' title="bbox 49 2174 1313 2352">
    <p class='ocr_par' dir='ltr' id='par_1_7' title="bbox 49 2174 1313 2352">
     <span class='ocr_line' id='line_1_12' title="bbox 133 2174 1313 2264; baseline 0 -26"><span class='ocrx_word' id='word_1_65' title='bbox 133 2234 146 2249; x_wconf 74' lang='grc'><strong><em>,,</em></strong></span> <span class='ocrx_word' id='word_1_66' title='bbox 165 2244 180 2264; x_wconf 15' lang='grc' dir='ltr'><strong><em>,γ</em></strong></span> <span class='ocrx_word' id='word_1_67' title='bbox 233 2175 416 2251; x_wconf 83' lang='lat' dir='ltr'><strong><em>Phoeniciae,</em></strong></span> <span class='ocrx_word' id='word_1_68' title='bbox 434 2175 492 2237; x_wconf 94' lang='lat' dir='ltr'><strong><em>soli</em></strong></span> <span class='ocrx_word' id='word_1_69' title='bbox 506 2174 771 2236; x_wconf 69' lang='lat' dir='ltr'><strong><em>infecunditatem</em></strong></span> <span class='ocrx_word' id='word_1_70' title='bbox 791 2176 913 2236; x_wconf 85' lang='lat' dir='ltr'><strong><em>civium</em></strong></span> <span class='ocrx_word' id='word_1_71' title='bbox 927 2176 1059 2251; x_wconf 89' lang='lat' dir='ltr'><strong><em>artibus,</em></strong></span> <span class='ocrx_word' id='word_1_72' title='bbox 1077 2185 1313 2238; x_wconf 89' lang='lat' dir='ltr'><strong><em>mercatorum-</em></strong></span> 
     </span>
     <span class='ocr_line' id='line_1_13' title="bbox 49 2255 1313 2352; baseline 0.002 -18"><span class='ocrx_word' id='word_1_73' title='bbox 49 2341 51 2348; x_wconf 43' lang='lat'><strong><em>,</em></strong></span> <span class='ocrx_word' id='word_1_74' title='bbox 104 2255 181 2338; x_wconf 46' lang='lat'><strong><em>„32⁸3</em></strong></span> <span class='ocrx_word' id='word_1_75' title='bbox 232 2291 295 2352; x_wconf 89' lang='lat' dir='ltr'><strong><em>que</em></strong></span> <span class='ocrx_word' id='word_1_76' title='bbox 305 2273 468 2350; x_wconf 83' lang='lat' dir='ltr'><strong><em>diligentia</em></strong></span> <span class='ocrx_word' id='word_1_77' title='bbox 481 2272 642 2352; x_wconf 86' lang='lat' dir='ltr'><strong><em>pensabat.</em></strong></span> <span class='ocrx_word' id='word_1_78' title='bbox 661 2273 724 2334; x_wconf 89' lang='lat' dir='ltr'><strong><em>Per</em></strong></span> <span class='ocrx_word' id='word_1_79' title='bbox 734 2273 890 2352; x_wconf 88' lang='lat' dir='ltr'><strong><em>optimam</em></strong></span> <span class='ocrx_word' id='word_1_80' title='bbox 906 2274 993 2335; x_wconf 91' lang='lat' dir='ltr'><strong><em>enim</em></strong></span> <span class='ocrx_word' id='word_1_81' title='bbox 1009 2275 1193 2352; x_wconf 77' lang='lat' dir='ltr'><strong><em>reipublicae</em></strong></span> <span class='ocrx_word' id='word_1_82' title='bbox 1208 2276 1313 2337; x_wconf 89' lang='lat' dir='ltr'><strong><em>admi-</em></strong></span> 
     </span>
    </p>
   </div>
   <div class='ocr_carea' id='block_1_7' title="bbox 230 2369 1314 3915">
    <p class='ocr_par' dir='ltr' id='par_1_8' title="bbox 230 2369 1314 3915">
     <span class='ocr_line' id='line_1_14' title="bbox 232 2369 1314 2451; baseline 0.004 -21"><span class='ocrx_word' id='word_1_83' title='bbox 232 2370 460 2445; x_wconf 85' lang='lat' dir='ltr'><strong><em>nistrationem,</em></strong></span> <span class='ocrx_word' id='word_1_84' title='bbox 481 2387 537 2448; x_wconf 92' lang='lat' dir='ltr'><strong><em>per</em></strong></span> <span class='ocrx_word' id='word_1_85' title='bbox 550 2369 670 2430; x_wconf 85' lang='lat' dir='ltr'><strong><em>civium</em></strong></span> <span class='ocrx_word' id='word_1_86' title='bbox 698 2369 935 2445; x_wconf 89' lang='lat' dir='ltr'><strong><em>liberalitatem,</em></strong></span> <span class='ocrx_word' id='word_1_87' title='bbox 961 2372 1077 2450; x_wconf 89' lang='lat' dir='ltr'><strong><em>suique</em></strong></span> <span class='ocrx_word' id='word_1_88' title='bbox 1100 2380 1221 2451; x_wconf 86' lang='lat' dir='ltr'><strong><em>portus,</em></strong></span> <span class='ocrx_word' id='word_1_89' title='bbox 1247 2373 1314 2435; x_wconf 89' lang='lat' dir='ltr'><strong><em>sive</em></strong></span> 
     </span>
     <span class='ocr_line' id='line_1_15' title="bbox 232 2467 1314 2546; baseline 0.004 -18"><span class='ocrx_word' id='word_1_90' title='bbox 232 2468 361 2546; x_wconf 87' lang='lat' dir='ltr'><strong><em>catapli,</em></strong></span> <span class='ocrx_word' id='word_1_91' title='bbox 393 2467 607 2542; x_wconf 86' lang='lat' dir='ltr'><strong><em>securitatem,</em></strong></span> <span class='ocrx_word' id='word_1_92' title='bbox 633 2484 707 2528; x_wconf 83' lang='lat' dir='ltr'><strong><em>mox</em></strong></span> <span class='ocrx_word' id='word_1_93' title='bbox 744 2469 809 2530; x_wconf 87' lang='lat' dir='ltr'><strong><em>iere</em></strong></span> <span class='ocrx_word' id='word_1_94' title='bbox 835 2475 939 2529; x_wconf 90' lang='lat' dir='ltr'><strong><em>totum</em></strong></span> <span class='ocrx_word' id='word_1_95' title='bbox 964 2469 1191 2532; x_wconf 88' lang='lat' dir='ltr'><strong><em>Mediterranei</em></strong></span> <span class='ocrx_word' id='word_1_96' title='bbox 1215 2471 1314 2532; x_wconf 82' lang='lat' dir='ltr'><strong><em>uraris</em></strong></span> 
     </span>
     <span class='ocr_line' id='line_1_16' title="bbox 232 2564 1314 2648; baseline 0.004 -22"><span class='ocrx_word' id='word_1_97' title='bbox 232 2567 462 2628; x_wconf 89' lang='lat' dir='ltr'><strong><em>commercium</em></strong></span> <span class='ocrx_word' id='word_1_98' title='bbox 476 2565 510 2625; x_wconf 92' lang='lat' dir='ltr'><strong><em>in</em></strong></span> <span class='ocrx_word' id='word_1_99' title='bbox 525 2583 558 2626; x_wconf 89' lang='lat' dir='ltr'><strong><em>se</em></strong></span> <span class='ocrx_word' id='word_1_100' title='bbox 573 2572 719 2642; x_wconf 77' lang='lat' dir='ltr'><strong><em>cmgerat,</em></strong></span> <span class='ocrx_word' id='word_1_101' title='bbox 738 2564 816 2628; x_wconf 88' lang='lat' dir='ltr'><strong><em>adeo</em></strong></span> <span class='ocrx_word' id='word_1_102' title='bbox 833 2575 868 2627; x_wconf 88' lang='lat' dir='ltr'><strong><em>ut</em></strong></span> <span class='ocrx_word' id='word_1_103' title='bbox 883 2566 1080 2646; x_wconf 82' lang='lat' dir='ltr'><strong><em>Byzantinus</em></strong></span> <span class='ocrx_word' id='word_1_104' title='bbox 1101 2568 1256 2648; x_wconf 79' lang='lat' dir='ltr'><strong><em>Agathias</em></strong></span> <span class='ocrx_word' id='word_1_105' title='bbox 1274 2569 1314 2630; x_wconf 90' lang='lat' dir='ltr'><strong><em>de</em></strong></span> 
     </span>
     <span class='ocr_line' id='line_1_17' title="bbox 232 2665 1313 2738; baseline -0.003 -13"><span class='ocrx_word' id='word_1_106' title='bbox 232 2665 287 2726; x_wconf 77' lang='lat' dir='ltr'><strong><em>illa</em></strong></span> <span class='ocrx_word' id='word_1_107' title='bbox 302 2671 378 2727; x_wconf 70' lang='lat' dir='ltr'><strong><em>ilinc</em></strong></span> <span class='ocrx_word' id='word_1_108' title='bbox 393 2665 530 2727; x_wconf 75' lang='lat' dir='ltr'><strong><em>dixerit:</em></strong></span> <span class='ocrx_word' id='word_1_109' title='bbox 560 2690 573 2720; x_wconf 75' lang='lat' dir='ltr'><strong><em>a</em></strong></span> <span class='ocrx_word' id='word_1_110' title='bbox 597 2674 710 2738; x_wconf 76' lang='grc' dir='ltr'>φαίνεται</span> <span class='ocrx_word' id='word_1_111' title='bbox 728 2674 756 2723; x_wconf 81' lang='grc' dir='ltr'><strong><em>δέ</em></strong></span> <span class='ocrx_word' id='word_1_112' title='bbox 780 2673 865 2722; x_wconf 77' lang='lat' dir='ltr'><strong><em>acinon</em></strong></span> <span class='ocrx_word' id='word_1_113' title='bbox 885 2676 914 2723; x_wconf 78' lang='grc' dir='ltr'><strong><em>οὐ</em></strong></span> <span class='ocrx_word' id='word_1_114' title='bbox 933 2673 967 2736; x_wconf 77' lang='grc' dir='ltr'><strong><em>μα’</em></strong></span> <span class='ocrx_word' id='word_1_115' title='bbox 982 2690 998 2722; x_wconf 83' lang='grc' dir='ltr'>α</span> <span class='ocrx_word' id='word_1_116' title='bbox 1018 2672 1109 2729; x_wconf 77' lang='grc' dir='ltr'><strong>τ’ἀξιας</strong></span> <span class='ocrx_word' id='word_1_117' title='bbox 1128 2679 1178 2723; x_wconf 87' lang='grc' dir='ltr'><strong><em>τῶν</em></strong></span> <span class='ocrx_word' id='word_1_118' title='bbox 1201 2676 1313 2723; x_wconf 74' lang='grc' dir='ltr'>παλαιῶν</span> 
     </span>
     <span class='ocr_line' id='line_1_18' title="bbox 232 2763 1312 2845; baseline 0.004 -27"><span class='ocrx_word' id='word_1_119' title='bbox 232 2769 363 2836; x_wconf 68' lang='lat' dir='ltr'><strong><em>&amp;antipas</em></strong></span> <span class='ocrx_word' id='word_1_120' title='bbox 379 2773 565 2838; x_wconf 72' lang='grc' dir='ltr'>καταδεεστέρα</span> <span class='ocrx_word' id='word_1_121' title='bbox 576 2765 632 2845; x_wconf 66' lang='lat'><strong><em>(2)</em></strong></span> <span class='ocrx_word' id='word_1_122' title='bbox 652 2791 666 2821; x_wconf 83' lang='lat' dir='ltr'><strong><em>n</em></strong></span> <span class='ocrx_word' id='word_1_123' title='bbox 685 2764 778 2839; x_wconf 84' lang='lat' dir='ltr'><strong><em>Quod</em></strong></span> <span class='ocrx_word' id='word_1_124' title='bbox 793 2782 868 2825; x_wconf 78' lang='lat' dir='ltr'><strong><em>Veri]</em></strong></span> <span class='ocrx_word' id='word_1_125' title='bbox 883 2763 1043 2843; x_wconf 77' lang='lat' dir='ltr'><strong><em>praeciptte</em></strong></span> <span class='ocrx_word' id='word_1_126' title='bbox 1059 2764 1207 2825; x_wconf 80' lang='lat' dir='ltr'><strong><em>Massiliae</em></strong></span> <span class='ocrx_word' id='word_1_127' title='bbox 1222 2782 1312 2841; x_wconf 85' lang='lat' dir='ltr'><strong><em>pros-</em></strong></span> 
     </span>
     <span class='ocr_line' id='line_1_19' title="bbox 231 2861 1313 2940; baseline 0 -18"><span class='ocrx_word' id='word_1_128' title='bbox 231 2862 398 2939; x_wconf 87' lang='lat' dir='ltr'><strong><em>peritatem</em></strong></span> <span class='ocrx_word' id='word_1_129' title='bbox 421 2862 566 2940; x_wconf 84' lang='lat' dir='ltr'><strong><em>augebat,</em></strong></span> <span class='ocrx_word' id='word_1_130' title='bbox 593 2871 661 2925; x_wconf 87' lang='lat' dir='ltr'><strong><em>erat</em></strong></span> <span class='ocrx_word' id='word_1_131' title='bbox 688 2863 807 2924; x_wconf 89' lang='lat' dir='ltr'><strong><em>fiducia</em></strong></span> <span class='ocrx_word' id='word_1_132' title='bbox 836 2870 1064 2937; x_wconf 88' lang='lat' dir='ltr'><strong><em>mercatorum,</em></strong></span> <span class='ocrx_word' id='word_1_133' title='bbox 1089 2861 1313 2939; x_wconf 89' lang='lat' dir='ltr'><strong><em>merciumque</em></strong></span> 
     </span>
     <span class='ocr_line' id='line_1_20' title="bbox 231 2957 1314 3041; baseline -0.001 -22"><span class='ocrx_word' id='word_1_134' title='bbox 231 2960 383 3021; x_wconf 88' lang='lat' dir='ltr'><strong><em>custodia.</em></strong></span> <span class='ocrx_word' id='word_1_135' title='bbox 401 2961 538 3022; x_wconf 84' lang='lat' dir='ltr'><strong><em>Albinus</em></strong></span> <span class='ocrx_word' id='word_1_136' title='bbox 554 2962 640 3023; x_wconf 90' lang='lat' dir='ltr'><strong><em>enim</em></strong></span> <span class='ocrx_word' id='word_1_137' title='bbox 655 2967 772 3040; x_wconf 78' lang='lat' dir='ltr'><strong><em>praetor</em></strong></span> <span class='ocrx_word' id='word_1_138' title='bbox 787 2959 831 3039; x_wconf 80' lang='grc'><strong><em>(3)</em></strong></span> <span class='ocrx_word' id='word_1_139' title='bbox 853 2978 918 3020; x_wconf 93' lang='lat' dir='ltr'><strong><em>non</em></strong></span> <span class='ocrx_word' id='word_1_140' title='bbox 941 2960 1037 3020; x_wconf 89' lang='lat' dir='ltr'><strong><em>modo</em></strong></span> <span class='ocrx_word' id='word_1_141' title='bbox 1059 2959 1185 3041; x_wconf 74' lang='lat' dir='ltr'><strong><em>Virgilii</em></strong></span> <span class='ocrx_word' id='word_1_142' title='bbox 1211 2957 1314 3019; x_wconf 91' lang='lat' dir='ltr'><strong><em>archi·</em></strong></span> 
     </span>
     <span class='ocr_line' id='line_1_21' title="bbox 231 3047 1313 3138; baseline 0 -22"><span class='ocrx_word' id='word_1_143' title='bbox 231 3055 355 3117; x_wconf 90' lang='lat' dir='ltr'><strong><em>diaconi</em></strong></span> <span class='ocrx_word' id='word_1_144' title='bbox 379 3056 536 3135; x_wconf 89' lang='lat' dir='ltr'><strong><em>homines,</em></strong></span> <span class='ocrx_word' id='word_1_145' title='bbox 561 3059 620 3138; x_wconf 92' lang='lat' dir='ltr'><strong><em>qui</em></strong></span> <span class='ocrx_word' id='word_1_146' title='bbox 644 3059 846 3137; x_wconf 82' lang='lat' dir='ltr'><strong><em>septuaginta</em></strong></span> <span class='ocrx_word' id='word_1_147' title='bbox 869 3057 931 3119; x_wconf 90' lang='lat' dir='ltr'><strong><em>olei</em></strong></span> <span class='ocrx_word' id='word_1_148' title='bbox 952 3056 1206 3135; x_wconf 83' lang='lat' dir='ltr'><strong><em>liquaminisque</em></strong></span> <span class='ocrx_word' id='word_1_149' title='bbox 1228 3047 1313 3117; x_wconf 85' lang='lat' dir='ltr'><strong><em>dolia</em></strong></span> 
     </span>
     <span class='ocr_line' id='line_1_22' title="bbox 231 3152 1311 3232; baseline 0 -19"><span class='ocrx_word' id='word_1_150' title='bbox 231 3153 329 3214; x_wconf 83' lang='lat' dir='ltr'><strong><em>iurati</em></strong></span> <span class='ocrx_word' id='word_1_151' title='bbox 343 3163 434 3216; x_wconf 89' lang='lat' dir='ltr'><strong><em>erant</em></strong></span> <span class='ocrx_word' id='word_1_152' title='bbox 447 3173 466 3216; x_wconf 90' lang='lat' dir='ltr'><strong><em>a</em></strong></span> <span class='ocrx_word' id='word_1_153' title='bbox 480 3156 701 3217; x_wconf 89' lang='lat' dir='ltr'><strong><em>transmarinis</em></strong></span> <span class='ocrx_word' id='word_1_154' title='bbox 723 3154 984 3232; x_wconf 82' lang='lat' dir='ltr'><strong><em>negotiatoribus,</em></strong></span> <span class='ocrx_word' id='word_1_155' title='bbox 1012 3171 1122 3216; x_wconf 79' lang='lat' dir='ltr'><strong><em>serere</em></strong></span> <span class='ocrx_word' id='word_1_156' title='bbox 1147 3152 1311 3231; x_wconf 83' lang='lat' dir='ltr'><strong><em>puniebat,</em></strong></span> 
     </span>
     <span class='ocr_line' id='line_1_23' title="bbox 231 3250 1312 3330; baseline 0 -21"><span class='ocrx_word' id='word_1_157' title='bbox 231 3251 286 3312; x_wconf 89' lang='lat' dir='ltr'><strong><em>sed</em></strong></span> <span class='ocrx_word' id='word_1_158' title='bbox 301 3257 332 3311; x_wconf 91' lang='lat' dir='ltr'><strong><em>et</em></strong></span> <span class='ocrx_word' id='word_1_159' title='bbox 347 3251 403 3329; x_wconf 93' lang='lat' dir='ltr'><strong><em>ipsi</em></strong></span> <span class='ocrx_word' id='word_1_160' title='bbox 426 3250 660 3328; x_wconf 89' lang='lat' dir='ltr'><strong><em>archidiacono,</em></strong></span> <span class='ocrx_word' id='word_1_161' title='bbox 679 3252 735 3330; x_wconf 94' lang='lat' dir='ltr'><strong><em>qui</em></strong></span> <span class='ocrx_word' id='word_1_162' title='bbox 766 3268 917 3312; x_wconf 88' lang='lat' dir='ltr'><strong><em>excusare</em></strong></span> <span class='ocrx_word' id='word_1_163' title='bbox 932 3258 963 3312; x_wconf 90' lang='lat' dir='ltr'><strong><em>et</em></strong></span> <span class='ocrx_word' id='word_1_164' title='bbox 978 3251 1080 3312; x_wconf 87' lang='lat' dir='ltr'><strong><em>celare</em></strong></span> <span class='ocrx_word' id='word_1_165' title='bbox 1105 3250 1230 3311; x_wconf 85' lang='lat' dir='ltr'><strong><em>furtum</em></strong></span> <span class='ocrx_word' id='word_1_166' title='bbox 1254 3267 1312 3310; x_wconf 81' lang='lat' dir='ltr'><strong><em>vo-</em></strong></span> 
     </span>
     <span class='ocr_line' id='line_1_24' title="bbox 231 3347 1313 3428; baseline 0.002 -21"><span class='ocrx_word' id='word_1_167' title='bbox 231 3347 343 3423; x_wconf 90' lang='lat' dir='ltr'><strong><em>luerat,</em></strong></span> <span class='ocrx_word' id='word_1_168' title='bbox 361 3348 514 3410; x_wconf 91' lang='lat' dir='ltr'><strong><em>mulctam</em></strong></span> <span class='ocrx_word' id='word_1_169' title='bbox 525 3356 665 3428; x_wconf 91' lang='lat' dir='ltr'><strong><em>quatuor</em></strong></span> <span class='ocrx_word' id='word_1_170' title='bbox 675 3355 705 3410; x_wconf 93' lang='lat' dir='ltr'><strong><em>et</em></strong></span> <span class='ocrx_word' id='word_1_171' title='bbox 716 3349 817 3410; x_wconf 91' lang='lat' dir='ltr'><strong><em>millia</em></strong></span> <span class='ocrx_word' id='word_1_172' title='bbox 828 3349 1005 3410; x_wconf 88' lang='lat' dir='ltr'><strong><em>solidorum</em></strong></span> <span class='ocrx_word' id='word_1_173' title='bbox 1020 3348 1187 3426; x_wconf 82' lang='lat' dir='ltr'><strong><em>irrogabat.</em></strong></span> <span class='ocrx_word' id='word_1_174' title='bbox 1205 3349 1313 3426; x_wconf 86' lang='lat' dir='ltr'><strong><em>Atque</em></strong></span> 
     </span>
     <span class='ocr_line' id='line_1_25' title="bbox 231 3443 1313 3525; baseline 0 -21"><span class='ocrx_word' id='word_1_175' title='bbox 231 3444 302 3506; x_wconf 89' lang='lat' dir='ltr'><strong><em>ideo</em></strong></span> <span class='ocrx_word' id='word_1_176' title='bbox 316 3447 536 3524; x_wconf 69' lang='lat' dir='ltr'><strong><em>negotiatores</em></strong></span> <span class='ocrx_word' id='word_1_177' title='bbox 550 3445 670 3525; x_wconf 92' lang='lat' dir='ltr'><strong><em>quibus</em></strong></span> <span class='ocrx_word' id='word_1_178' title='bbox 688 3454 793 3507; x_wconf 91' lang='lat' dir='ltr'><strong><em>tutum</em></strong></span> <span class='ocrx_word' id='word_1_179' title='bbox 808 3445 935 3524; x_wconf 90' lang='lat' dir='ltr'><strong><em>patebat</em></strong></span> <span class='ocrx_word' id='word_1_180' title='bbox 949 3446 1149 3523; x_wconf 74' lang='lat' dir='ltr'><strong><em>coniugium,</em></strong></span> <span class='ocrx_word' id='word_1_181' title='bbox 1175 3443 1313 3506; x_wconf 83' lang='lat' dir='ltr'><strong><em>continc-</em></strong></span> 
     </span>
     <span class='ocr_line' id='line_1_26' title="bbox 231 3541 1311 3624; baseline 0.002 -22"><span class='ocrx_word' id='word_1_182' title='bbox 231 3541 316 3618; x_wconf 90' lang='lat' dir='ltr'><strong><em>bant,</em></strong></span> <span class='ocrx_word' id='word_1_183' title='bbox 339 3562 377 3604; x_wconf 83' lang='lat' dir='ltr'><strong><em>ex</em></strong></span> <span class='ocrx_word' id='word_1_184' title='bbox 392 3542 522 3605; x_wconf 88' lang='lat' dir='ltr'><strong><em>Oriente</em></strong></span> <span class='ocrx_word' id='word_1_185' title='bbox 536 3544 706 3624; x_wconf 89' lang='lat' dir='ltr'><strong><em>praecipue,</em></strong></span> <span class='ocrx_word' id='word_1_186' title='bbox 723 3544 779 3622; x_wconf 90' lang='lat' dir='ltr'><strong><em>qui</em></strong></span> <span class='ocrx_word' id='word_1_187' title='bbox 790 3561 950 3623; x_wconf 79' lang='lat' dir='ltr'><strong><em>papyrum</em></strong></span> <span class='ocrx_word' id='word_1_188' title='bbox 958 3544 1100 3622; x_wconf 82' lang='lat' dir='ltr'><strong><em>AEgypti,</em></strong></span> <span class='ocrx_word' id='word_1_189' title='bbox 1112 3550 1168 3604; x_wconf 90' lang='lat' dir='ltr'><strong><em>aut</em></strong></span> <span class='ocrx_word' id='word_1_190' title='bbox 1183 3543 1257 3604; x_wconf 89' lang='lat' dir='ltr'><strong><em>vina</em></strong></span> <span class='ocrx_word' id='word_1_191' title='bbox 1267 3541 1311 3621; x_wconf 70' lang='lat' dir='ltr'><strong><em>(a)</em></strong></span> 
     </span>
     <span class='ocr_line' id='line_1_27' title="bbox 232 3639 1313 3721; baseline -0.002 -20"><span class='ocrx_word' id='word_1_192' title='bbox 232 3639 386 3716; x_wconf 89' lang='lat' dir='ltr'><strong><em>Gazetica,</em></strong></span> <span class='ocrx_word' id='word_1_193' title='bbox 404 3649 460 3702; x_wconf 88' lang='lat' dir='ltr'><strong><em>aut</em></strong></span> <span class='ocrx_word' id='word_1_194' title='bbox 474 3641 593 3720; x_wconf 88' lang='lat' dir='ltr'><strong><em>species</em></strong></span> <span class='ocrx_word' id='word_1_195' title='bbox 608 3643 651 3721; x_wconf 86' lang='lat'><strong><em>(5)</em></strong></span> <span class='ocrx_word' id='word_1_196' title='bbox 667 3643 895 3719; x_wconf 81' lang='lat' dir='ltr'><strong><em>margaritasve</em></strong></span> <span class='ocrx_word' id='word_1_197' title='bbox 910 3641 1009 3702; x_wconf 87' lang='lat' dir='ltr'><strong><em>Indiae</em></strong></span> <span class='ocrx_word' id='word_1_198' title='bbox 1024 3641 1178 3711; x_wconf 83' lang='lat' dir='ltr'><strong><em>ferebant,</em></strong></span> <span class='ocrx_word' id='word_1_199' title='bbox 1194 3647 1225 3702; x_wconf 91' lang='lat' dir='ltr'><strong><em>et</em></strong></span> <span class='ocrx_word' id='word_1_200' title='bbox 1240 3640 1313 3700; x_wconf 90' lang='lat' dir='ltr'><strong><em>inde</em></strong></span> 
     </span>
     <span class='ocr_line' id='line_1_28' title="bbox 230 3738 1312 3816; baseline 0.001 -17"><span class='ocrx_word' id='word_1_201' title='bbox 230 3746 400 3816; x_wconf 82' lang='lat' dir='ltr'><strong><em>pertatem</em></strong></span> <span class='ocrx_word' id='word_1_202' title='bbox 416 3740 584 3802; x_wconf 84' lang='lat' dir='ltr'><strong><em>Franciam</em></strong></span> <span class='ocrx_word' id='word_1_203' title='bbox 598 3739 831 3802; x_wconf 82' lang='lat' dir='ltr'><strong><em>diffundebant.</em></strong></span> <span class='ocrx_word' id='word_1_204' title='bbox 850 3739 1025 3801; x_wconf 85' lang='lat' dir='ltr'><strong><em>Massiliam</em></strong></span> <span class='ocrx_word' id='word_1_205' title='bbox 1046 3757 1135 3812; x_wconf 79' lang='lat' dir='ltr'><strong><em>vero,</em></strong></span> <span class='ocrx_word' id='word_1_206' title='bbox 1151 3738 1239 3800; x_wconf 88' lang='lat' dir='ltr'><strong><em>hand</em></strong></span> <span class='ocrx_word' id='word_1_207' title='bbox 1261 3757 1312 3800; x_wconf 90' lang='lat' dir='ltr'><strong><em>se-</em></strong></span> 
     </span>
     <span class='ocr_line' id='line_1_29' title="bbox 231 3826 1312 3915; baseline 0 -18"><span class='ocrx_word' id='word_1_208' title='bbox 231 3855 287 3898; x_wconf 91' lang='lat' dir='ltr'><strong><em>cus</em></strong></span> <span class='ocrx_word' id='word_1_209' title='bbox 301 3855 337 3899; x_wconf 91' lang='lat' dir='ltr'><strong><em>ac</em></strong></span> <span class='ocrx_word' id='word_1_210' title='bbox 352 3826 447 3900; x_wconf 81' lang='lat' dir='ltr'><strong><em>hodie</em></strong></span> <span class='ocrx_word' id='word_1_211' title='bbox 477 3838 641 3900; x_wconf 90' lang='lat' dir='ltr'><strong><em>interdum</em></strong></span> <span class='ocrx_word' id='word_1_212' title='bbox 657 3838 781 3900; x_wconf 89' lang='lat' dir='ltr'><strong><em>civibus</em></strong></span> <span class='ocrx_word' id='word_1_213' title='bbox 800 3837 1033 3900; x_wconf 84' lang='lat' dir='ltr'><strong><em>exhauriebant</em></strong></span> <span class='ocrx_word' id='word_1_214' title='bbox 1057 3837 1161 3898; x_wconf 90' lang='lat' dir='ltr'><strong><em>morbi</em></strong></span> <span class='ocrx_word' id='word_1_215' title='bbox 1185 3837 1312 3915; x_wconf 91' lang='lat' dir='ltr'><strong><em>publice</em></strong></span> 
     </span>
    </p>
   </div>
   <div class='ocr_carea' id='block_1_8' title="bbox 308 4022 1165 4138">
    <p class='ocr_par' dir='ltr' id='par_1_9' title="bbox 308 4022 1165 4138">
     <span class='ocr_line' id='line_1_30' title="bbox 308 4022 1165 4078; baseline 0.001 -6"><span class='ocrx_word' id='word_1_216' title='bbox 308 4022 420 4074; x_wconf 76' lang='lat' dir='ltr'><strong><em>Sruloo.</em></strong></span> <span class='ocrx_word' id='word_1_217' title='bbox 438 4022 484 4078; x_wconf 84' lang='lat' dir='ltr'><strong><em>IV.</em></strong></span> <span class='ocrx_word' id='word_1_218' title='bbox 500 4023 556 4073; x_wconf 89' lang='lat' dir='ltr'><strong><em>inii.</em></strong></span> <span class='ocrx_word' id='word_1_219' title='bbox 573 4051 602 4062; x_wconf 88' lang='lat'>-</span> <span class='ocrx_word' id='word_1_220' title='bbox 616 4022 718 4073; x_wconf 79' lang='lat' dir='ltr'><strong><em>dusrrx.</em></strong></span> <span class='ocrx_word' id='word_1_221' title='bbox 737 4024 819 4078; x_wconf 84' lang='lat' dir='ltr'>XLII.</span> <span class='ocrx_word' id='word_1_222' title='bbox 836 4024 864 4074; x_wconf 78' lang='grc'><strong><em>4.·</em></strong></span> <span class='ocrx_word' id='word_1_223' title='bbox 875 4051 904 4060; x_wconf 92' lang='grc'>-</span> <span class='ocrx_word' id='word_1_224' title='bbox 915 4025 1073 4074; x_wconf 68' lang='lat' dir='ltr'><strong><em>Asusamus.</em></strong></span> <span class='ocrx_word' id='word_1_225' title='bbox 1090 4023 1110 4078; x_wconf 90' lang='grc' dir='ltr'><strong><em>Ι,</em></strong></span> <span class='ocrx_word' id='word_1_226' title='bbox 1126 4023 1165 4074; x_wconf 76' lang='lat' dir='ltr'><strong><em>et.</em></strong></span> 
     </span>
     <span class='ocr_line' id='line_1_31' title="bbox 309 4086 544 4138; baseline 0.004 -3"><span class='ocrx_word' id='word_1_227' title='bbox 309 4087 451 4136; x_wconf 46' lang='lat' dir='ltr'><strong><em>Aelianus.</em></strong></span> <span class='ocrx_word' id='word_1_228' title='bbox 472 4086 492 4138; x_wconf 88' lang='lat'><strong><em>1.</em></strong></span> <span class='ocrx_word' id='word_1_229' title='bbox 511 4086 544 4136; x_wconf 86' lang='grc'><strong><em>13.</em></strong></span> 
     </span>
    </p>
   </div>
   <div class='ocr_carea' id='block_1_9' title="bbox 0 0 1684 5142">
    <p class='ocr_par' dir='ltr' id='par_1_10' title="bbox 0 0 1684 5142">
     <span class='ocr_line' id='line_1_32' title="bbox 0 0 1684 5142; baseline 0 2"><span class='ocrx_word' id='word_1_230' title='bbox 0 0 1684 5142; x_wconf 95' lang='lat' dir='ltr'><strong><em> </em></strong></span> 
     </span>
    </p>
   </div>
  </div>
 </body>
</html>
