3359 5142
712 595 873 662 ..(9-

257 747 372 810 Rheno
393 747 590 811 nominanda
611 767 740 828 quoque
753 757 820 812 erat
843 749 922 811 silva
936 747 1099 826 Vosagum
1114 764 1190 810 cum
1205 748 1325 827 Aquis-

255 848 346 926 grani
365 854 398 924 et
411 847 552 910 Aristalli
563 847 654 908 lucis.

295 945 360 1007 Has
374 962 484 1008 omnes
494 945 587 1007 silvas
597 962 785 1008 conservare
799 945 971 1007 voluerunt
985 944 1131 1007 Karolini
1141 943 1196 1024 (1),
1210 943 1327 1023 quippe

255 1059 326 1121 quae
348 1043 517 1105 fructuosae
543 1050 661 1119 essent,
693 1043 720 1104 si
740 1042 853 1104 saltem
876 1042 986 1105 credas
1007 1041 1145 1120 epistolae
1173 1041 1328 1104 Hadriani

254 1156 342 1218 papae
363 1139 407 1202 acb
421 1141 577 1202 Karolum
597 1143 752 1219 Magnum
768 1140 811 1221 (2)
829 1167 835 1202 :
861 1140 955 1214 Quod
981 1159 1111 1220 prorsus
1125 1157 1182 1219 per
1196 1141 1326 1219 seopti-

254 1255 355 1314 mum,
373 1239 529 1318 quamdiu
552 1239 639 1301 silvae
660 1257 725 1301 non
748 1239 781 1301 in
807 1257 934 1317 campos
947 1239 1113 1300 invadunt.
1130 1239 1204 1300 Mox
1219 1245 1326 1300 autem

254 1350 311 1411 per
333 1341 431 1396 totam
463 1335 648 1411 Franciam,
685 1341 813 1414 propter
844 1333 928 1396 bella
959 1335 1112 1397 continua
1142 1335 1325 1413 civiumque

254 1429 424 1506 raritatem,
436 1430 469 1490 in
483 1430 590 1493 locum
598 1438 742 1510 segetum
751 1432 922 1494 succedent
936 1432 1032 1507 silvae,
1042 1429 1253 1511 quaefquidem
1262 1449 1327 1493 uon

251 1527 319 1607 jam
342 1527 528 1591 divitiarum
550 1528 604 1592 sed
619 1529 755 1592 miseriae
778 1530 1036 1609 paupertatisque
1056 1545 1159 1591 causae
1180 1529 1325 1591 evadent.

704 1768 873 1830 Animalia.

294 1971 402 2035 Genus
425 1971 628 2035 arbustorum
653 1972 746 2050 quale
774 1971 871 2033 suerit
894 1977 1006 2032 notum
1029 1976 1076 2032 est
1099 1996 1105 2031 :
1128 1977 1326 2034 transeamus

255 2088 341 2133 nuno
356 2071 394 2133 ad
410 2088 511 2150 genus
524 2069 723 2132 animalium.

294 2169 382 2230 Inter
395 2168 554 2244 animalia,
571 2168 610 2230 de
626 2168 743 2247 quibus
758 2175 834 2229 tunc
850 2168 1000 2248 temporis
1013 2168 1222 2232 exercebatur
1236 2187 1324 2231 com-

254 2268 425 2344 mercium,
456 2268 584 2329 nullum
621 2284 751 2345 prorsus
778 2267 880 2344 magis
907 2268 1123 2329 necessarium
1161 2268 1326 2347 magisque

255 2365 407 2428 dilectum
434 2371 535 2427 exstat
562 2382 661 2443 quam
688 2380 809 2442 equus;
841 2363 919 2425 adeo
939 2372 977 2423 ut
1004 2381 1077 2442 pars
1105 2365 1207 2442 gentis
1241 2382 1322 2443 quae,

255 2461 395 2524 honores
409 2461 531 2540 adepta,
556 2461 614 2522 soli
641 2466 672 2522 et
696 2459 867 2521 hominum
890 2460 985 2522 unica
1004 2461 1134 2522 domina
1157 2479 1230 2522 mox
1253 2462 1322 2537 erit,

254 2561 401 2639 equitum
414 2561 543 2622 nomine
558 2560 721 2638 glorietur.
738 2558 899 2632 Viliarum
912 2560 1011 2636 igitur
1024 2577 1217 2638 possessores
1230 2577 1324 2620 sum-

254 2674 382 2736 mopere
397 2657 551 2719 curabant
565 2662 601 2717 ut
615 2655 769 2718 haberent
783 2654 843 2716 sibi
858 2673 958 2734 equos
967 2656 1089 2718 nobiles
1102 2658 1135 2717 in
1151 2657 1218 2718 suis
1235 2674 1324 2718 cam-

253 2755 301 2834 pis
315 2763 405 2818 natos
420 2761 451 2816 et
465 2755 602 2816 nutritos
618 2751 675 2833 (3).

293 2851 371 2925 Quae
384 2870 460 2914 vero
474 2868 589 2930 genera
604 2868 763 2930 equorum
778 2858 854 2913 tunc
876 2851 1006 2931 majoris
1019 2851 1113 2930 pretii
1133 2852 1325 2914 ducerentur

253 2966 317 3010 non
332 2947 488 3010 habemus
502 2966 559 3028 pro
575 2955 746 3027 comperto,
772 2948 981 3010 illudentem
1004 2947 1323 3010 animadvertendum

254 3053 310 3121 est,
328 3047 477 3108 sciliceta
492 3045 683 3121 Sarracenis,
701 3044 758 3124 qui
773 3045 940 3108 Franciam
947 3046 1040 3107 toties
1050 3046 1240 3122 invaserant,
1254 3065 1323 3124 pro-

253 3151 380 3222 pagatos
394 3161 493 3223 equos
507 3143 576 3204 illos
590 3142 751 3219 Camariae,
770 3145 893 3206 cervice
907 3144 998 3220 elat0,
1016 3144 1118 3206 cauda
1133 3144 1236 3223 longa,
1253 3146 1324 3222 pilis

254 3240 407 3316 candidis,
437 3240 515 3303 adeo
542 3241 662 3302 similes
676 3240 821 3302 Arabicis
839 3241 945 3320 equis,
963 3259 1168 3320 quorumque
1190 3243 1324 3304 virtutes

237 3338 442 3421 ⁴jamdudum
458 3345 612 3401 noverant
628 3338 752 3401 Franci.

294 3437 399 3499 Boum
413 3444 521 3498 autem
536 3443 768 3516 taurorumque
781 3443 813 3498 et
827 3454 1008 3513 vaccarum,
1026 3437 1084 3516 qui
1098 3444 1225 3500 tantum
1239 3438 1323 3515 agris

254 3534 393 3596 colendis
414 3540 559 3613 prosunt,
576 3539 766 3613 tantumque
780 3534 939 3596 alimentis
953 3535 1069 3596 nostris
1092 3535 1268 3611 conserunt,
1285 3554 1323 3597 ex

254 3631 343 3693 omni
358 3638 499 3712 tempore
513 3647 629 3710 magna
652 3631 712 3692 suit
725 3632 909 3694 multitudo.
928 3632 1034 3694 Pauca
1047 3632 1119 3694 ideo
1133 3633 1172 3694 de
1186 3633 1248 3694 illis
1262 3631 1322 3695 ha-

253 3727 366 3791 bemus
381 3730 580 3792 documenta.
598 3729 735 3790 Karolus
750 3729 795 3810 (4)
810 3732 946 3808 Magnus
961 3737 1068 3792 tamen
1091 3731 1274 3793 vaccaritias
1288 3731 1322 3792 in

233 3937 236 3944 ,
285 3902 318 3966 (Ι)
333 3903 396 3954 Bne.
411 3903 431 3953 I.
448 3903 502 3961 333,
517 3901 549 3953 de
561 3903 641 3952 villis.
656 3902 693 3961 36,
707 3915 765 3968 cap.
780 3905 802 3960 5,
817 3901 882 3965 (817)
893 3903 917 3959 7,
933 3922 946 3949 ιι
958 3908 987 3953 ut
1000 3903 1074 3953 silvae
1086 3903 1126 3952 vei
1138 3902 1249 3953 forestes
1263 3917 1323 3954 nos·

253 3968 302 4014 trae
317 3965 385 4016 bena
403 3967 456 4015 sint
474 3965 622 4021 custoditae,
639 3970 671 4023 et,
688 3965 735 4016 ubi
758 3965 831 4015 locus
855 3965 936 4015 suerit
959 3966 992 4015 ad
1013 3964 1188 4030 stirpandum,
1208 3966 1322 4030 stirpare

254 4028 359 4084 sociant,
374 4033 399 4078 at
412 4041 520 4093 campos
534 4027 566 4078 de
580 4028 646 4078 silvo
661 4028 808 4078 increscere
821 4041 875 4076 non
889 4029 1049 4092 permittant,
1067 4033 1101 4084 et,
1117 4027 1163 4076 ubi
1177 4028 1251 4078 silvae
1263 4043 1322 4078 esse

254 4089 359 4210 (Ιεὶίῗιιὲ,
373 4091 655 4203 ηοηέαὲθξθνωίῑωηῐ
668 4091 748 4141 nimis
759 4091 885 4155 copulare
899 4096 977 4156 capue
991 4089 1126 4140 damnare.
1142 4107 1155 4134 r

293 4160 298 4175 ·
353 4167 412 4211 ooo.
453 4191 459 4202 .
522 4191 528 4202 .

295 4215 317 4276 3)
329 4214 394 4264 aar.
413 4214 433 4264 1.
448 4215 485 4265 De
499 4214 578 4272 villis,
595 4213 675 4266 13-14.

285 4277 368 4344 (ttici.
385 4277 422 4328 23.
