3359 5142
683 640 840 704 ..23-

317 851 321 860 1
402 881 440 940 De
452 880 525 956 jore
541 881 701 957 densescit
719 891 744 941 et
762 881 797 940 de
808 881 882 958 jore
900 881 1058 957 olbertcpit'.
1082 879 1126 959 (l)

267 1045 406 1112 Advenae
433 1052 539 1108 tamen
562 1045 754 1124 quibusdam
769 1046 893 1125 legibus
912 1045 1076 1124 parebant.
1100 1045 1180 1107 Dnae
1193 1045 1298 1124 praeci-

225 1161 296 1222 pue,
329 1149 404 1205 tunc
434 1143 599 1221 temporis,
632 1142 858 1204 increbuerant
884 1143 1139 1218 consuetudines,
1170 1141 1300 1203 advenis

225 1239 399 1315 contrariae,
419 1257 499 1318 quas
514 1239 706 1301 recentiores
722 1240 830 1317 legum
845 1239 960 1302 latores
983 1239 1192 1302 aboleverunt
1213 1256 1299 1317 nup-

227 1347 374 1425 perrime,
404 1363 509 1425 neque
538 1341 643 1406 adhuc
667 1363 725 1424 per
749 1351 848 1406 totam
871 1345 1043 1424 Europam,
1066 1345 1120 1425 jus
1139 1344 1300 1422 naufragii

227 1445 297 1508 dico
312 1451 343 1506 et
354 1446 408 1525 jus
422 1443 590 1521 albenagii.

267 1542 505 1620 Naufragorum
518 1540 602 1603 bona
616 1541 769 1620 abripere,
796 1558 974 1618 eorumque
998 1539 1182 1602 infortuniis
1202 1539 1300 1602 dites-

228 1657 298 1702 cere
312 1657 375 1700 non
389 1639 484 1701 modo
498 1639 679 1717 legitimum
692 1638 778 1718 apud
793 1640 942 1717 antiquos
957 1638 1012 1700 sed
1022 1638 1117 1700 etiam
1128 1636 1301 1698 honestum

227 1738 325 1800 evasit
340 1735 394 1816 (2).
415 1736 516 1799 Graeci
534 1743 650 1812 tamen,
676 1735 818 1797 mitiores
840 1736 924 1810 lacti,
951 1754 1025 1797 mox
1043 1735 1077 1797 id
1100 1753 1202 1813 genus
1223 1734 1303 1795 furti

229 1841 303 1896 sunt
319 1835 473 1910 detestati,
496 1834 573 1896 adeo
595 1840 630 1894 ut
657 1832 834 1912 Euripides,
864 1833 1011 1894 omnium
1033 1849 1172 1908 assensu,
1197 1831 1302 1894 dicere

228 1933 366 2012 potuerit
377 1959 383 1994 :

458 2028 573 2093 Ναυαγὸς
588 2029 642 2088 ἥκω
660 2028 738 2092 ξένος,
757 2028 882 2087 ἀσύλητον
898 2029 977 2091 γένος.
991 2028 1026 2091 (3)

270 2166 408 2227 Romani
422 2183 549 2244 quoque
565 2165 734 2244 naufragos
749 2172 965 2244 protexerunt,
979 2166 1075 2227 sicuti
1089 2165 1140 2227 lex
1155 2166 1304 2227 demons-

230 2269 292 2325 trat
307 2262 370 2344 (l):
391 2287 405 2318 «
420 2262 455 2325 si
468 2263 596 2342 qnando
610 2263 776 2340 naufragio
790 2262 880 2324 navis
895 2264 1024 2342 expulsa
1037 2263 1135 2325 luerit
1149 2262 1301 2340 additus,

231 2361 281 2421 vel
294 2360 457 2439 siquando
470 2359 611 2438 aliquam
622 2368 739 2422 terram
755 2361 904 2439 attigerit,
914 2361 1070 2440 pertineat
1083 2359 1122 2422 ad
1137 2360 1300 2436 domin0s;

230 2458 325 2520 fiscus
339 2475 430 2519 meus
445 2474 511 2518 sese
531 2475 596 2519 non
610 2457 799 2536 interponat.
817 2457 910 2531 Quod
925 2459 1013 2520 enim
1028 2459 1081 2538 jus
1099 2456 1195 2519 habet
1208 2457 1304 2519 fiscus

231 2558 264 2618 in
279 2554 382 2617 aliena
395 2553 580 2632 calamitate,
598 2560 634 2615 ut
648 2554 687 2616 de
709 2573 742 2616 re
761 2562 823 2617 tam
837 2555 982 2616 luctuosa
996 2554 1220 2634 compendium
1234 2573 1303 2616 sec-

232 2654 367 2716 ῑθῑΠΓῨ»

271 2753 376 2812 Mores
399 2755 516 2824 autem,
542 2750 581 2811 de
602 2750 703 2823 solito,
730 2751 802 2829 plus
831 2767 930 2829 quam
953 2749 1038 2826 leges
1062 2748 1240 2825 valuerunt,
1273 2756 1305 2810 et

231 2857 336 2912 nautae
350 2850 452 2911 ventis
473 2848 578 2928 Jactati
600 2854 699 2910 terras
720 2849 792 2926 plus
817 2866 915 2928 quam
936 2864 1025 2908 mare
1046 2847 1224 2908 timuerunt
1244 2846 1302 2927 (5).

230 2947 300 3008 Imo
328 2952 454 3024 tempus
482 2963 555 3006 mox
577 2944 680 3006 adluit
706 2962 771 3023 quo
794 2962 884 3023 reges
911 2962 975 3005 non
1000 2945 1068 3024 jam
1096 2944 1211 3022 puduit
1237 2952 1304 3006 tam

232 3043 375 3123 turpium
389 3041 617 3105 beneficiorum
632 3048 755 3121 partem
772 3059 945 3121 reposcere,
962 3041 1082 3104 nedum
1096 3041 1181 3120 leges
1193 3041 1233 3103 de
1249 3051 1302 3102 tu·

124 3167 129 3186 ¹
230 3141 293 3203 tela
306 3141 535 3218 naufragorum
551 3141 681 3202 ferrent.
697 3140 799 3201 Annis
817 3139 904 3200 enim
919 3157 1073 3201 neocorxv
1090 3145 1122 3202 et
1137 3157 1305 3201 nooocnxrx

231 3256 319 3316 reges
337 3237 477 3298 Franoiae
499 3237 582 3298 inter
602 3253 660 3298 sua
679 3235 832 3298 beneficia
852 3243 1042 3298 enumerant
1061 3237 1114 3317 jus
1133 3236 1302 3313 naufragii.

232 3335 412 3399 Verisimile
440 3342 487 3396 est
516 3335 623 3412 igitur,
652 3334 859 3412 regnantibus
881 3334 1052 3409 Karolinis,
1072 3333 1304 3395 moremillum

233 3433 403 3507 evaluisse,
430 3432 592 3510 simulque
619 3431 764 3493 floruisse
791 3437 894 3492 artem
923 3431 1065 3492 odiosam
1093 3448 1206 3492 eorum
1234 3429 1302 3508 qui,

233 3530 346 3592 mediis
360 3529 394 3590 in
409 3529 553 3608 procellis
567 3535 624 3590 aut
639 3528 784 3590 noctibus
799 3528 1020 3603 subobscuris,
1033 3544 1120 3589 nunc
1135 3545 1191 3606 per
1200 3526 1307 3588 littora

233 3644 320 3689 nunc
334 3626 367 3686 in
380 3626 515 3705 scopulis
530 3625 653 3689 fallacia
668 3624 881 3687 incendebant
904 3625 1002 3702 signa,
1022 3630 1113 3686 terrae
1132 3630 1188 3686 ant
1201 3623 1306 3702 potius

233 3724 346 3786 mortis
360 3722 550 3803 praenuntia.

266 3883 299 3946 (l)
318 3881 404 3946 Reges
426 3882 464 3930 nil
484 3880 620 3945 antiquius
642 3879 750 3930 duxisse
774 3879 897 3929 videntur
951 3892 995 3929 am
1012 3878 1174 3929 advenarum
1199 3878 1307 3928 nomina

235 3949 380 4008 aetatesque
398 3956 564 4006 cognoscere.
589 3942 626 3991 Gl'.
654 3943 716 3991 Bru.
732 3943 752 3992 l.
771 3942 824 3999 tob,
846 3956 904 4006 cup.
947 3943 1011 4004 (806)
1025 3942 1048 3990 l.
1062 3969 1092 3978 -
1109 3940 1148 3990 Id.
1164 3941 1185 3990 Ι.
1199 3941 1252 3991 342.
1267 3941 1307 3990 De

235 4006 455 4057 ministerialibus
469 4005 594 4070 palatinis
602 4004 695 4068 isonti.
709 4023 721 4049 α
734 4004 868 4054 Erncldus
881 4018 929 4069 per
939 4004 1216 4054 mensionesomnium
1226 4016 1306 4066 nego·

236 4070 369 4124 tiatorem,
379 4068 434 4117 sive
448 4068 474 4117 in
488 4070 612 4123 mercato,
627 4067 682 4116 sive
696 4067 778 4116 aliubi
786 4067 961 4130 negotientur,
979 4067 1006 4115 in
1045 4066 1176 4115 isitionem
1190 4065 1278 4115 saciat.
1292 4083 1306 4110 u

267 4132 299 4190 (ll
313 4131 461 4180 Ennremns.
477 4129 489 4178 l
511 4129 616 4194 higenia
629 4129 657 4178 in
670 4129 777 4178 Taurid.
793 4156 822 4165 —
836 4129 939 4193 Xenop.
953 4128 995 4178 An
1034 4127 1114 4178 ΝΠ.
1130 4128 1153 4185 3,
1170 4130 1192 4178 5.

277 4193 460 4242 3Enn1e1ons.
502 4192 585 4241 elena.

267 4194 290 4317 §l
313 4255 472 4304 Parnassos.
486 4254 506 4302 I.
524 4254 573 4303 tto.
590 4280 619 4289 -
632 4253 682 4302 Tit.
697 4254 744 4310 ΙΙΙ,
762 4253 808 4303 lib.
823 4252 856 4304 V.
871 4251 937 4318 frag.
952 4252 984 4308 V.
1006 4252 1197 4304 sententiarum
1220 4249 1304 4302 Pauli.

267 4320 291 4380 (5
315 4317 483 4368 Crssrooone.
497 4315 582 4380 Epist.
593 4314 640 4373 lv,
654 4315 677 4366 7.
