3359 5142
839 531 998 646 ..24ss

423 733 519 794 Haud
533 731 625 793 aliter
635 732 688 812 jus
702 731 857 811 albenagii
866 732 928 813 (l),.
940 733 1057 796 scilicet
1068 735 1122 813 jus
1135 735 1203 796 fisci
1217 736 1267 796 vel
1282 737 1404 798 domini
1417 736 1452 796 iu

382 832 465 892 bona
478 829 701 896 decedentium
716 831 923 905 advenarum,
949 833 1097 911 quamvis
1111 832 1151 894 ab
1165 832 1326 912 aliquibus
1348 834 1451 896 consi-

384 927 513 989 deretur
528 933 681 1005 tanquam
692 927 778 1007 justa
793 926 1014 1006 hospitalitatis
1028 930 1253 1005 remuneratio,
1271 931 1381 992 multis
1394 931 1453 992 im-

383 1015 563 1103 pedimento
578 1030 656 1099 erat,
672 1025 846 1103 quominus
860 1026 1027 1088 Franciam
1041 1027 1175 1088 adirent.
1193 1027 1278 1101 Quid
1293 1028 1379 1090 enim
1393 1029 1453 1088 ini-

383 1121 479 1200 quius
502 1138 601 1201 quam
621 1121 818 1184 advenarum
838 1122 974 1200 divitias,
997 1140 1078 1202 aegre
1098 1131 1213 1202 partas,
1230 1125 1297 1186 fisci
1319 1125 1451 1187 nomino

382 1216 544 1279 vindicare
558 1217 618 1278 sub
632 1218 724 1279 tit-ulo
735 1219 844 1282 caduci
855 1222 868 1281 ‘l
878 1219 963 1293 Quid
976 1221 1099 1307 animop
1113 1222 1214 1300 magis
1223 1222 1341 1300 irmigit
1355 1213 1453 1301 {tuam

383 1321 490 1376 tecum
504 1320 651 1393 reputare
665 1315 731 1376 lore
746 1322 782 1376 ut
795 1322 898 1378 morte
913 1316 1017 1378 subita
1031 1317 1189 1396 abreptus,
1203 1317 1452 1397 1101010110ςὶ-

384 1412 461 1472 time
482 1411 640 1490 adquisita
664 1413 772 1491 pueris
799 1415 1010 1476 transmittere
1028 1417 1193 1493 nequeas?
1217 1415 1283 1477 Soli
1296 1417 1366 1478 ideo
1387 1416 1453 1478 suis

382 1507 595 1569 inservierunt
604 1503 778 1570 commodis
788 1527 878 1586 reges
891 1510 938 1570 illi
948 1511 1005 1588 qui
1014 1511 1067 1591 jus
1075 1510 1220 1573 odiosum
1230 1512 1448 1588 aboleverunt,

384 1611 415 1668 et
428 1605 557 1667 advenis
571 1606 781 1682 securitatem,
800 1606 859 1668 sibi
873 1625 910 1669 ac
924 1625 1022 1686 regno
1037 1610 1192 1688 majorem
1206 1627 1354 1688 peperere
1368 1629 1452 1689 pros·

384 1701 559 1780 peritatem.
579 1703 657 1776 Quis
671 1709 789 1780 autem,
808 1704 1015 1782 regnantibus
1029 1690 1198 1781 Karolinis
1216 1707 1288 1768 talia
1302 1707 1453 1786 potuisset

383 1817 447 1860 non
465 1798 535 1862 dico
556 1800 731 1880 intelligere
755 1801 810 1862 sed
832 1802 1008 1881 suspicari?
1031 1802 1140 1876 Quum
1159 1803 1258 1881 igitur
1276 1805 1413 1865 advenas
1434 1822 1454 1866 a

384 1896 542 1958 littoribus
556 1905 682 1959 arceant
704 1897 862 1976 naufragii
881 1899 1032 1976 pericula,
1050 1904 1080 1960 et
1096 1899 1135 1960 ab
1153 1899 1304 1962 interiore
1319 1901 1452 1962 Francia

385 1995 479 2055 timor
499 1995 610 2056 mortis
625 1994 744 2069 subitae,
771 2013 835 2056 uon
860 1995 934 2056 satis
958 1995 1098 2074 prolecto
1117 1997 1228 2058 mirari
1243 2014 1411 2075 possumus
1426 1998 1452 2059 si

384 2090 528 2171 nonnulli
543 2108 609 2156 sese
623 2097 669 2153 tot
682 2091 830 2172 periculis
846 2092 1044 2154 committere
1064 2092 1213 2154 audeant.

414 2337 446 2450 p)
438 2337 600 2399 1110111111.
616 2337 702 2389 Gloss.
718 2352 779 2459 pn.
787 2295 838 2389 vol.
854 2339 972 2390 Lou-
986 2339 1095 2390 Instit'
1085 2353 1139 2406 Jur
1153 2339 1298 2391 consueti
1312 2339 1350 2389 8l

345 2453 346 2458 ,
436 2401 870 2468 05101111111011111023.
