3359 5142
361 704 569 783 regionesque
593 708 731 766 remotas
754 703 941 780 colentibus,
967 704 1154 782 frequenter
1176 701 1329 782 negotiati
1349 707 1435 764 sunt.

363 802 433 864 Imo
463 819 553 880 reges
581 800 682 862 nostri
706 819 781 862 cum
810 819 924 862 eorum
953 800 1161 878 principibus,
1182 800 1340 879 praecipue
1363 817 1438 862 cum

367 898 561 974 Abbassidis,
580 917 646 960 sese
658 899 831 979 junxerant
845 899 1018 961 foederibus
1034 899 1090 978 (1).

400 995 567 1069 Quomodo
588 996 728 1056 Massilia
754 995 844 1074 Syris
872 998 1084 1078 AEgpptisque
1103 996 1295 1077 jamdudum
1325 997 1442 1057 referta

359 1100 436 1170 erat,
455 1095 498 1155 ita
518 1093 711 1154 Alexandria
732 1093 881 1155 Massilia
903 1102 1094 1156 mercatores
1109 1093 1290 1155 continebat
1305 1091 1360 1172 (2),
1382 1093 1440 1171 qni

359 1191 512 1267 pretiosas
536 1207 667 1266 meroes,
701 1190 790 1267 ebur,
818 1192 1015 1269 margaritae,
1040 1208 1193 1269 gemmas,
1219 1190 1348 1268 speciae,
1373 1191 1439 1250 imo

358 1277 506 1366 psittacos
521 1293 552 1348 et
568 1288 675 1348 simias
696 1305 835 1366 avesque
860 1289 1064 1351 versicolores
1079 1289 1112 1349 in
1128 1306 1164 1351 11
1179 1287 1259 1349 urbe
1276 1287 1434 1361 emebant,

359 1393 390 1446 et
404 1385 478 1446 inde
493 1401 549 1462 per
565 1384 733 1446 Franciam
749 1386 1006 1464 transportabant
1021 1384 1065 1467 (3)
1083 1413 1089 1447 :
1108 1387 1209 1447 nostri
1224 1392 1331 1448 tamen
1345 1385 1437 1445 inve-

358 1481 490 1543 niebant
505 1480 648 1556 aemulos,
667 1481 905 1560 discordiasque
919 1483 1004 1545 terro
1019 1483 1245 1563 dijudicabant,
1263 1482 1289 1543 si
1303 1482 1437 1543 ereden-

359 1580 438 1640 dum
469 1586 516 1640 est
543 1579 664 1640 Adonis
693 1579 844 1641 chronico
873 1581 1039 1643 referentis
1069 1581 1232 1643 Parisinos
1250 1587 1282 1642 et
1299 1581 1438 1641 Venetos

361 1677 566 1739 Alexandria
580 1665 620 1738 ad
641 1695 757 1738 manus
771 1683 802 1738 et
816 1677 857 1739 ad
872 1696 1015 1756 pugnam
1030 1678 1154 1740 venisse
1170 1679 1226 1759 (4).
1244 1677 1347 1740 Causa
1361 1694 1438 1738 vero

360 1775 521 1852 praecipua
535 1781 774 1854 propterquam
790 1775 904 1837 Franci
922 1776 1067 1854 regiones
1085 1794 1104 1839 1
1126 1775 1307 1838 Sarracenis
1320 1793 1439 1853 posses·

361 1889 411 1934 sas
426 1872 550 1934 adirent
565 1878 632 1933 erat
647 1890 803 1933 numerus
817 1873 1060 1951 peregrinorum
1075 1874 1108 1934 in
1123 1873 1190 1935 dies
1204 1874 1317 1953 major.
1336 1872 1438 1933 Docu-

360 1975 469 2030 mento
486 1969 526 2029 sit
541 1970 603 2030 iter
617 1969 794 2054 Willibaldr'
810 1975 843 2031 et
856 1970 1040 2032 Winebaldi
1054 1971 1099 2052 (5)
1115 1971 1172 2049 qui
1187 1970 1312 2032 detrusi
1325 1970 1359 2030 in
1374 1986 1431 2030 car-

367 2084 471 2128 cerem
500 2073 609 2144 utpote
638 2066 849 2146 exploratores
872 2067 1004 2130 suerunt
1017 2069 1099 2130 bene
1122 2068 1246 2130 tractati
1261 2074 1292 2129 et
1309 2068 1440 2145 insuper

358 2163 484 2225 liberati
512 2182 530 2225 a
553 2152 783 2226 mercatoribus
807 2163 1003 2241 christianis3
1030 2166 1152 2244 quique
1173 2182 1269 2244 super
1288 2162 1438 2226 iordanis

359 2261 497 2322 fluvium
512 2267 679 2322 extensum
694 2279 732 2322 ex
748 2267 885 2340 utraque
899 2263 969 2342 ripa
982 2262 1133 2324 viderunt
1153 2263 1264 2324 sunem
1279 2280 1344 2341 quo
1358 2261 1436 2322 iaci-

357 2359 419 2420 lius
435 2358 469 2418 in
484 2363 606 2419 sanctas
626 2357 728 2418 undas
742 2375 809 2420 sese
823 2359 1053 2438 immergerent
1068 2358 1190 2420 infirmi
1205 2359 1375 2438 peregrini.

398 2458 534 2519 Necesse
549 2456 648 2535 igitur
663 2456 815 2518 evadebat
838 2474 928 2536 reges
952 2456 1118 2520 christiani
1134 2475 1208 2519 suos
1231 2458 1316 2519 cives
1329 2464 1436 2535 prote-

358 2562 478 2631 gerent.
496 2554 637 2630 Primus,
654 2573 711 2616 seu
735 2561 771 2614 ut
794 2555 878 2616 cives
901 2562 1059 2617 tutaretur
1082 2572 1139 2617 seu
1164 2555 1338 2618 amicitiam
1362 2572 1436 2615 cum

358 2649 919 2727 8111111111116111111111111111,
948 2653 1104 2730 Pippinus
1133 2652 1222 2713 misit
1244 2651 1437 2731 legationem

357 2747 425 2824 regi
439 2748 613 2809 Persarum
627 2748 830 2823 Amorumni,
849 2755 881 2809 et
894 2748 933 2809 ab
949 2766 985 2810 eo
996 2750 1115 2826 legatos
1124 2749 1253 2828 accepit,
1267 2748 1324 2826 qui
1334 2765 1436 2826 usque

357 2842 397 2904 ad
411 2844 599 2906 Mettensem
614 2845 774 2906 civitatem
787 2852 1003 2923 pervenerunt
1014 2845 1070 2926 (6).
1081 2847 1158 2908 Haec
1172 2853 1281 2907 autem
1295 2844 1437 2907 amicitia

357 2957 421 3000 non
443 2939 537 3002 firma
563 2941 661 3003 fuisse
683 2941 832 3002 videtur:
853 2942 899 3002 nil
923 2943 1011 3003 enim
1028 2943 1117 3004 aliud
1137 2943 1280 3022 reperire
1302 2949 1349 3004 est
1372 2959 1436 3021 quo

356 3045 507 3100 renovata
530 3039 614 3100 inter
640 3039 822 3101 sarracenis
847 3038 1108 3119 christianosque
1128 3041 1320 3102 commercia
1347 3039 1436 3102 affir-

357 3153 446 3197 mare
461 3153 570 3215 queas.

397 3234 470 3295 Non
485 3233 529 3294 ita
542 3251 617 3296 vero
633 3251 700 3296 sese
714 3252 764 3295 res
780 3233 894 3295 habuit
908 3253 966 3313 pro
977 3236 1095 3298 Karolo
1110 3239 1243 3316 Magno:
1258 3235 1437 3315 Imperator

357 3330 443 3390 enim
472 3328 652 3391 Occidentis
667 3337 698 3393 et
712 3331 886 3407 imperator
916 3331 1056 3393 Orientis
1085 3332 1194 3394 Aaron
1218 3349 1285 3394 sese
1312 3332 1436 3393 mutuis

388 3530 475 3593 (1)1)1
492 3516 694 3580 1111111111111
711 3529 746 3580 du
765 3545 913 3581 commerce
929 3530 976 3580 des
988 3532 1116 3597 Franpais
1134 3547 1168 3583 en
1184 3531 1277 3583 Orient
1296 3535 1376 3582 avant
1396 3532 1435 3583 les

357 3592 504 3642 croisades.
524 3619 553 3629 -
570 3592 611 3642 Dn
624 3591 815 3649 Pouonnvrnnn.
836 3593 963 3644 Memoire
982 3608 1028 3644 sur
1042 3597 1080 3644 les
1092 3595 1308 3644 etublissements
1320 3594 1435 3659 frangeis

315 3677 319 3687 ·
359 3669 392 3703 au
409 3654 518 3712 Levant,
539 3653 633 3726 depuis
654 3654 708 3704 l'en
726 3655 896 3706 51111111.
915 3657 1022 3720 jusqu'a
1039 3658 1065 3707 11
1077 3657 1114 3706 tin
1129 3657 1165 3706 dn
1181 3655 1285 3706 XVIII·
1303 3656 1390 3707 siecle.
1406 3686 1435 3694 -

311 3728 316 3775 .'
358 3717 482 3766 Dareine.
497 3731 538 3781 op.
553 3720 597 3766 ert.
613 3715 721 3774 (11111111,
737 3717 771 3766 id.

307 3778 313 3840 ξ
389 3779 422 3840 (1)
436 3779 476 3828 Dr
488 3779 612 3829 Gnrenns.
629 3793 671 3842 op.
687 3780 734 3828 cit.
751 3794 776 3844 p.
790 3781 813 3829 2.

357 3901 374 3952 d
389 3841 421 3912 (3)
435 3839 538 3891 (11111111
550 3841 776 3892 lnnrcornnusrns.
786 3842 973 3908 Topographiu
985 3843 1145 3894 Christiana.
1157 3843 1308 3909 Descriptio
1319 3844 1434 3894 Alexan-

376 3916 430 3952 1111.

389 3965 421 4027 (1)
434 3965 516 4022 Bono.
533 3964 568 4014 Il.
590 3965 625 4024 19,
648 3967 675 4015 in
696 3966 754 4016 loco
769 3968 967 4018 commentitio:
983 3982 1044 4017 nem
1064 3982 1078 4018 e
1093 3980 1142 4031 pro
1162 3966 1264 4017 Parisis
1284 3970 1311 4017 et
1324 3966 1434 4018 Venetis

358 4026 448 4076 forsan
460 4026 602 4138 legendum
617 4034 657 4078 est
672 4029 800 4079 Prasinos
815 4028 990 4087 etllenedos,
1006 3982 1107 4082 scilicet
1121 4030 1159 4079 les
1175 4029 1252 4082 bleus
1265 4035 1291 4080 et
1303 4031 1341 4080 les
1353 4035 1432 4088 verts,

457 4090 485 4139 ui
505 4103 546 4140 em
562 4094 652 4154 partes
666 4091 763 4154 quibus
779 4091 918 4141 laborabat
934 4092 1185 4156 Constantinopolis.

358 4088 425 4140 dues
438 4103 461 4200 p

389 4153 419 4213 (5‘
462 4152 556 4203 nnales
569 4152 596 4202 S.
612 4152 710 4202 Bened.
724 4152 758 4210 II,
778 4153 815 4212 61,
831 4167 852 4203 s.
886 4192 891 4202 .
905 4168 931 4218 q.

390 4172 424 4279 (6)
439 4214 521 4273 Bono.
538 4213 569 4274 V,
584 4214 607 4273 8,
621 4214 719 4266 Gertin.
733 4215 843 4282 Fredeg.
859 4167 931 4282 (368).
