3359 5142
712 556 873 624 ...35-

291 705 369 779 Quae
383 723 485 785 quum
507 707 551 770 ita
573 709 645 785 sint,
671 727 721 772 res
747 727 859 772 omnes
879 727 959 789 quas
987 718 1102 772 natura
1123 719 1219 788 creat,
1242 713 1329 777 etde

250 803 367 882 quibus
394 813 559 868 exercetur
580 809 819 882 commercium,
845 809 1075 870 recensuimus.
1094 809 1205 871 Restat
1223 819 1259 871 ut
1279 826 1329 871 res

182 913 186 922 ·
249 899 376 962 easdem
414 902 535 964 artibus
567 903 738 966 hominum
772 905 947 968 elaboratas
984 913 1189 985 mutatasque
1231 924 1328 985 expo-

249 1013 376 1065 namus.

640 1499 836 1562 CAPUT
887 1501 934 1562 ΙΙ

700 1741 866 1802 Societates.

287 1965 381 2026 Artes
414 1962 446 2024 in
477 1962 625 2038 Francia,
659 1963 867 2040 regnantibus
894 1964 1073 2040 Karalinis,
1104 1982 1188 2044 quae-
1206 1966 1326 2042 fuerint

247 2078 411 2139 exponere,
430 2077 480 2121 res
495 2079 625 2139 prorsus
647 2060 766 2121 ardna:
786 2060 831 2122 Ex
847 2078 911 2138 quo
926 2061 1014 2122 enim
1030 2061 1163 2123 Barbari
1188 2061 1325 2124 Galliam

247 2156 350 2220 secere
364 2175 467 2232 suam,
481 2157 569 2218 nulla
583 2157 737 2218 remansit
750 2173 768 2217 e
782 2156 910 2217 fabricis
925 2156 1089 2234 opificium
1106 2175 1185 2235 quas
1203 2176 1323 2219 memo-

246 2262 318 2316 rant
332 2261 363 2316 et
377 2255 473 2316 codex
488 2253 727 2316 Theudosianas
742 2261 772 2316 et
791 2252 904 2315 notitia
922 2253 1114 2331 dignitatum
1130 2255 1186 2334 (l).
1213 2255 1251 2316 ld
1270 2274 1322 2317 so-

245 2353 313 2414 lum
343 2350 664 2413 animadvertendum
683 2358 738 2426 est,
763 2351 928 2412 societates
951 2351 1102 2428 opificum
1124 2369 1143 2412 a
1167 2352 1323 2413 Romanis

247 2451 396 2512 formatas
416 2449 592 2524 duravisse,
610 2449 728 2528 qnippe
743 2465 815 2528 quae
828 2448 1028 2526 privatarum
1043 2449 1218 2510 commodis
1234 2450 1317 2511 nite-

246 2555 366 2623 rentur,
384 2548 520 2627 ideaque
543 2548 761 2609 firmarentur.
784 2546 871 2620 Quas
895 2546 1027 2624 quidem
1051 2544 1226 2622 societates,
1243 2539 1321 2626 'reg-

244 2645 395 2706 nantibus
409 2645 580 2718 Karolinis,
597 2661 766 2724 nunquam
780 2643 932 2704 claruisse
946 2643 1047 2704 latear
1063 2669 1069 2704 ι
1087 2650 1228 2705 attamen
1242 2645 1321 2724 quin

244 2743 420 2804 exstiterint
447 2742 581 2804 minime
602 2740 749 2802 dubium.
775 2740 903 2801 Etenim
927 2741 1192 2819 quotiescumque
1215 2750 1320 2819 poste-

246 2839 343 2900 riores
359 2857 448 2918 reges
463 2840 626 2918 privilegia
641 2841 911 2902 confirmaverunt
926 2839 1024 2900 unius
1037 2839 1207 2901 alteriusve
1222 2840 1318 2901 sacie-

245 2937 334 3011 tatis,
365 2955 436 2999 eam
464 2937 667 3000 declarabant
697 2937 933 3016 perantiquam.
970 2936 1151 2998 Ludovicus
1184 2937 1317 3014 iunior,

243 3035 339 3113 (arina
355 3034 481 3112 dccxx),
500 3034 540 3116 de
554 3033 786 3096 mercatoribus
802 3050 897 3111 aqna}
912 3032 1104 3094 Parisieusis
1114 3032 1254 3095 dicebat:
1274 3031 1319 3114 (2)

246 3155 259 3186 a
276 3130 404 3192 Cives...
421 3147 478 3191 aas
493 3128 642 3192 adierunt
657 3138 804 3208 rogantes
820 3137 856 3190 ut
871 3129 1118 3190 consuetudines
1133 3145 1215 3203 suae,
1240 3147 1320 3208 quas

243 3231 385 3303 tempore
399 3223 552 3286 Ludovici
576 3226 660 3304 regis
678 3227 776 3304 patris
795 3225 895 3287 nostri
918 3224 1111 3301 habuerunt,
1133 3226 1179 3286 eis
1200 3226 1318 3287 confrr-

241 3341 404 3385 maremus
421 3348 426 3383 :
446 3323 693 3385 corisuetudines
715 3331 825 3386 autem
847 3340 959 3387 eorum
987 3323 1063 3384 tales
1087 3330 1162 3384 sunt
1177 3322 1217 3383 ab
1232 3323 1317 3383 anti-

242 3437 350 3498 quo.»
382 3422 470 3483 Haut
490 3421 582 3482 aliter
610 3419 648 3480 de
678 3418 881 3480 carnificibus
906 3434 1047 3495 quorum
1074 3420 1215 3492 societas,
1240 3416 1317 3478 olim

240 3525 437 3596 proepotenS,
477 3517 662 3596 nuperrime
692 3516 824 3578 florebat
858 3514 983 3589 adhuc,
1016 3532 1070 3575 rex
1104 3515 1190 3576 idem
1219 3516 1317 3594 (anno

241 3615 383 3694 ucnxu):
405 3639 419 3669 u
439 3615 533 3691 longo
557 3619 699 3691 tempore
724 3612 889 3673 carnifices
907 3610 1061 3689 quasdam
1084 3611 1233 3689 antiquas
1260 3609 1315 3671 ha-

240 3707 379 3770 buerunt
407 3708 654 3771 consuetudines
659 3755 718 3768 .....
749 3723 807 3766 nos
833 3705 996 3782 adierunt,
1025 3724 1155 3785 suaeque
1180 3707 1316 3768 miseriae

270 3920 303 3984 (l)
318 3919 379 3970 (lod.
394 3918 492 3969 Tlieod.
509 3918 534 3968 X
546 3919 585 3969 li.
602 3918 640 3968 De
657 3916 862 3968 labricensibns.
880 3917 916 3973 la.
931 3917 964 3966 da
977 3916 1141 3967 metallariis.
1157 3917 1195 3974 20,
1211 3917 1244 3967 de
1256 3931 1315 3967 mn·

240 3983 338 4056 rilegis,
352 3983 520 4055 gpneciariis,
535 3981 690 4050 planetariis
703 3985 728 4028 at
740 3981 817 4029 basta
836 3980 908 4029 ariis.
920 3981 959 4036 23,
973 3979 1007 4028 de
1018 3979 1147 4051 classicis.
1166 3980 1233 4030 XIII
1247 3981 1269 4036 5,
1281 3979 1314 4030 de

239 4047 418 4101 naviculariis,
438 4051 488 4093 etc.
504 4070 533 4080 -
546 4044 628 4101 Baua.
649 4044 669 4100 I,
693 4043 745 4092 t‘ta.
767 4041 805 4090 (ll.
847 4056 986 4092 svnssrun.
1001 4041 1070 4091 Hist.
1086 4040 1133 4090 des
1149 4042 1250 4092 classes
1266 4057 1313 4092 on·

239 4108 339 4158 vrieres
353 4120 386 4156 eu
400 4108 509 4161 France,
523 4107 573 4162 tl,
606 4145 611 4154 .
626 4106 663 4162 53,
680 4118 736 4161 sa.
748 4121 774 4170 q.

270 4169 578 4232 (l)l‘in1s1sx.Hist.de
615 4169 678 4217 aris.
695 4167 786 4219 Places
802 4166 988 4230 justillcatixes
1005 4166 1012 4215 l
1029 4172 1056 4214 at
1071 4165 1094 4224 3,
1113 4166 1236 4216 relatives
1254 4165 1270 4216 b
1288 4165 1313 4219 la

240 4231 410 4284 dissertation
424 4245 470 4282 sur
484 4230 695 4282 l'lrdteldesille.
