3359 5142
809 572 970 637 ..50-

394 741 408 772 r
425 717 493 780 Hoc
507 720 599 780 nohis
613 727 806 800 competens
822 723 867 782 ait
881 722 1020 784 Karolns
1036 723 1171 800 Magnus
1186 720 1241 800 (l),
1255 728 1287 782 et
1302 737 1431 784 vertera·

350 813 414 878 hile
442 816 569 878 videtur
592 825 629 879 ut
644 817 783 897 hospites
807 819 968 898 peregrini
989 826 1020 881 et
1044 837 1199 898 pauperes
1218 819 1433 898 susceptiones

351 914 513 991 regulares
528 922 559 976 et
573 916 740 978 carronicas
755 935 811 996 per
825 917 895 979 loca
909 917 1035 979 diversa
1048 917 1197 979 habeant.
1212 918 1309 979 »Non
1324 923 1433 979 autent

351 1010 446 1072 modo
465 1011 712 1090 hospitalitatem
737 1014 878 1076 exerceri
897 1015 1044 1095 J'usserat,
1071 1013 1126 1076 sed
1150 1014 1248 1076 etiam
1267 1019 1434 1095 curaverat

350 1116 386 1169 ιιι
400 1107 548 1187 quaedam
562 1110 631 1172 loca
644 1110 710 1172 huc
724 1111 800 1174 illuc
816 1111 1063 1190 disponerentur
1078 1110 1355 1189 quemadmodum
1370 1130 1432 1190 pu-

350 1206 439 1266 blicae
462 1204 601 1268 Orientis
615 1225 782 1286 cauponae,
800 1215 928 1286 propter
942 1207 1058 1270 itinera
1076 1208 1154 1269 sitae.
1173 1208 1250 1288 Ejus
1268 1209 1309 1270 ad
1323 1226 1432 1270 exem-

351 1303 443 1380 plum
457 1305 605 1366 nonnulli
628 1324 782 1384 procerae,
810 1324 869 1373 seu
896 1326 952 1386 per
973 1307 1170 1385 religionem,
1189 1324 1246 1368 seu
1266 1305 1306 1368 ad
1324 1306 1432 1368 conci-

351 1401 492 1462 liandam
509 1401 570 1462 sihi
585 1403 736 1482 principis
750 1404 896 1482 gratiam,
914 1410 1011 1482 atque
1026 1404 1122 1466 etiam
1135 1403 1266 1485 advenae
1285 1421 1343 1482 pro
1365 1404 1432 1464 suis

352 1500 475 1561 civibus
491 1501 565 1562 talia
579 1507 827 1564 construxerunt
840 1502 985 1587 aedificia.

392 1597 469 1658 Haec
484 1616 613 1676 prorsus
628 1599 748 1677 optima
762 1617 820 1678 per
834 1619 886 1661 se:
906 1618 980 1661 mox
994 1605 1112 1673 autem,
1126 1599 1249 1661 incuria
1264 1600 1312 1661 vel
1328 1600 1434 1679 potius

351 1695 533 1772 cupiditate,
552 1696 686 1758 edificia
701 1696 906 1775 hospitalitati
925 1697 1028 1758 dicata
1041 1703 1097 1757 aut
1113 1695 1219 1758 diruta
1233 1703 1289 1758 aut
1307 1695 1341 1757 in
1356 1697 1434 1758 alios

353 1811 431 1852 usus
453 1810 607 1854 conversa
621 1793 763 1870 fuerunt,
781 1795 807 1854 si
822 1794 1020 1856 credendum
1042 1801 1089 1855 est
1116 1794 1254 1872 epistolae
1272 1794 1313 1856 ad
1334 1795 1433 1856 Karo-

351 1891 420 1951 lum
436 1890 570 1951 Calvum
585 1910 669 1952 anno
685 1910 836 1954 occccrm
852 1892 980 1954 directae
995 1892 1060 1972 (2),
1077 1899 1173 1970 atque
1188 1892 1250 1954 alia
1259 1897 1348 1971 parte
1360 1892 1434 1959 lios·

352 1989 432 2067 pites
448 1990 600 2066 patientia
615 1990 780 2068 hospitum
795 1991 875 2052 adeo
891 1991 984 2052 abusi
999 1998 1084 2065 suut,
1105 1999 1142 2050 ut
1156 2007 1283 2052 necesse
1298 1989 1434 2052 evaserit

352 2085 485 2147 delinire
508 2087 603 2148 certis
627 2086 750 2165 legibus
765 2094 877 2166 potum
902 2096 933 2150 et
957 2087 1079 2148 victum
1099 2087 1274 2148 viatoribus
1297 2104 1355 2165 pro
1377 2104 1434 2148 sua

352 2182 504 2260 dignitate
519 2185 714 2263 assignatum
730 2183 786 2265 (3).
803 2186 877 2246 «De
891 2185 1039 2263 dispensa
1053 2185 1225 2246 missorum
1235 2191 1428 2258 nostrornm,

353 2279 501 2342 videlicet
516 2281 661 2360 episcopo
676 2300 772 2360 panes
787 2282 1011 2361 quadraginta,
1023 2281 1193 2359 friskingas
1208 2289 1281 2357 tres,
1300 2281 1339 2342 de
1354 2287 1429 2360 polu

352 2377 452 2441 modii
469 2385 541 2454 tres,
560 2380 717 2456 porceltus
733 2398 826 2454 rinus,
844 2380 923 2458 pulli
939 2386 1012 2446 tres,
1026 2397 1086 2439 ova
1099 2378 1294 2456 quindecim,
1307 2395 1435 2439 annona

352 2475 393 2536 ad
408 2475 543 2536 caballos
566 2476 666 2536 modii
691 2484 831 2554 quatuor
834 2524 895 2537 .....
912 2476 1018 2538 abbati
1040 2475 1147 2537 comiti
1165 2482 1262 2553 atque
1287 2474 1435 2536 ministe-

354 2572 424 2633 riali
439 2580 555 2647 nostro,
574 2573 751 2652 unicuique
776 2574 893 2635 dentur
912 2573 1054 2652 quotidie
1072 2590 1170 2651 panes
1192 2570 1435 2650 t1·igiutas,iris·

352 2670 465 2748 hingas
480 2677 553 2744 tres,
573 2677 631 2732 etc.
652 2696 665 2726 t>

392 2769 597 2847 Hospitalitas
617 2770 725 2847 igitur,
744 2768 821 2830 olim
836 2777 1027 2849 spontanea,
1036 2768 1208 2848 aliquando
1224 2767 1341 2845 legalis,
1360 2784 1434 2827 mox

354 2867 388 2926 in
410 2867 500 2946 pejus
516 2867 592 2941 ruit,
611 2884 716 2945 neque
728 2866 795 2945 jam
816 2866 929 2927 extitit.

669 3105 707 3164 lle
726 3105 879 3163 mensuris
899 3113 924 3164 et
943 3105 1079 3164 morietis.
1096 3102 1141 3182 (4)

957 3172 1096 3210 ω

395 3294 447 3355 Nil
463 3301 571 3356 autem
586 3296 827 3370 commercium,
846 3295 904 3355 etsi
923 3295 1012 3372 larga
1027 3293 1277 3372 negotiatoribus
1291 3294 1435 3372 praehea-

356 3398 408 3452 tur
422 3391 620 3470 hospitalitas
645 3393 712 3453 sine
731 3393 826 3473 justis
850 3391 1011 3453 mensuris
1023 3391 1173 3471 justaque
1197 3397 1326 3452 moneta
1341 3391 1433 3452 valet.

386 3579 418 3640 (l)
432 3578 494 3626 Bac.
511 3576 531 3626 Ι.
545 3577 591 3625 ‘2⁷18
604 3577 668 3638 (tae)
683 3576 721 3625 tr.
738 3604 767 3612 -
783 3576 820 3625 ds.
837 3577 858 3626 Ι.
875 3576 920 3625 370
933 3575 997 3638 (8οι)
1009 3574 1046 3624 rt.
1062 3592 1075 3618 (ι
1091 3573 1309 3638 Pracipimusut
1323 3573 1436 3623 inomni

357 3655 435 3704 regno
454 3645 544 3690 nostro
565 3653 650 3702 neque
672 3639 746 3689 divos
770 3653 856 3703 neque
878 3651 980 3703 puuper
998 3637 1146 3701 peregrinis
1166 3636 1282 3700 hospitia
1305 3635 1437 3698 denegare

355 3703 478 3758 audeant,
495 3703 510 3752 i.
525 3717 558 3756 e..
574 3701 630 3751 sive
647 3702 797 3766 peregrinis
816 3707 925 3766 propter
946 3702 1032 3750 Deum
1050 3698 1251 3748 uruhulantihus
1265 3712 1313 3762 per
1327 3703 1435 3754 terram,

356 3766 411 3814 sire
429 3765 539 3814 cuilibet
559 3765 694 3813 itineranti
715 3770 823 3828 propter
841 3778 958 3814 amorem
975 3762 1053 3811 Dei...
1067 3767 1165 3810 tectum
1178 3765 1204 3809 et
1221 3760 1318 3815 locum,
1339 3773 1436 3823 aquam

356 3842 432 3877 nemo
453 3827 489 3876 illi
508 3827 626 3898 deneget.
643 3827 671 3876 Si
686 3831 774 3876 autem
791 3828 830 3876 eis
845 3826 964 3891 amplius
984 3824 1082 3889 aliquis
1103 3825 1190 3873 lacere
1208 3822 1328 3879 voluerit,
1346 3837 1362 3871 a
1382 3822 1436 3872 Deo

356 3890 406 3939 sihi
422 3890 508 3938 sciunt
522 3890 722 3939 retributionem
739 3890 876 3953 optimam.
894 3907 906 3933 ιι

387 3954 419 4013 (¹2)
435 3952 497 4001 Βιι.
515 3951 548 4000 Il.
569 3952 618 4007 tri.
638 3952 671 4001 10.
690 3970 702 3995 «
720 3952 872 4016 Hospitalia
890 3950 1100 4015 peregrinorum.
1120 3947 1189 3997 sicut
1201 3946 1351 3996 Scottorum
1365 3950 1435 4002 sunt,

356 4019 382 4064 et
395 4027 455 4079 qum
475 4021 593 4078 tompore
606 4019 805 4063 antecessorum
821 4018 972 4064 vestrorum
990 4025 1081 4075 regum
1092 4014 1244 4059 constructa
1257 4013 1283 4058 et
1293 4010 1438 4079 constituta

356 4078 471 4131 luerunt,
489 4081 525 4132 ιιι,
546 4076 579 4125 ad
597 4078 644 4126 hoc
662 4075 695 4125 ad
712 4076 782 4140 quod
803 4077 930 4140 deputata
949 4077 1019 4129 sunt,
1042 4076 1191 4127 teneantur,
1209 4075 1235 4120 et
1253 4085 1269 4120 a
1287 4072 1437 4142 rectoribus

357 4140 440 4189 Deum
456 4139 611 4188 tinreutilius
625 4139 780 4189 ordinentur
795 4143 820 4189 et
834 4137 1026 4189 custodiantur.
1044 4150 1077 4183 ne
1091 4134 1264 4198 dissipentur,
1279 4134 1405 4183 obtinete.
1423 4151 1436 4177 ι)

397 4204 419 4256 3)
436 4203 497 4251 Bac.
513 4201 546 4249 ll.
561 4201 627 4250 lirul.
644 4200 684 4250 Pii
701 4202 790 4251 donst.
806 4200 917 4273 Aquisg.
934 4197 999 4261 (817)
1012 4199 1050 4246 itt.

401 4265 419 4326 l)
435 4263 569 4314 Geinum.
587 4263 745 4329 Polyptique
759 4264 905 4314 d'lrmruou
919 4261 939 4311 l.
955 4261 992 4316 59,
1009 4259 1060 4310 196.
1075 4286 1104 4295 -
1121 4258 1172 4315 tor,
1191 4258 1242 4308 139.
