3359 5142
720 580 881 645 -47-

262 735 437 797 miraculis.
463 735 620 796 Aurifices
642 751 717 794 vero
740 751 804 794 non
824 731 920 792 modo
948 730 1140 792 monasteria
1154 730 1339 792 ecclesiasve

260 833 326 892 suis
341 833 482 894 ditabant
497 833 654 912 operibus,
681 833 799 913 quippe
824 830 882 909 qui
910 829 1075 890 volumina
1096 828 1192 889 etiam
1211 827 1337 905 magni-

259 931 328 992 ficis
343 938 495 994 ornarent
509 933 600 994 textis
615 923 671 994 aut
685 950 721 993 ex
737 930 831 993 ebore
846 935 902 990 aut
916 946 954 989 ex
967 944 1047 988 auro
1061 933 1265 1004 argentoque,
1283 943 1336 986 re·
1384 943 1390 964 ·

260 1042 378 1104 gesque
393 1034 424 1088 et
437 1027 573 1106 episcopi
594 1028 639 1088 nil
669 1026 713 1107 (l)
735 1024 900 1103 antiquius
921 1024 1080 1085 ducebant
1095 1041 1193 1102 quam
1207 1029 1244 1083 ut
1257 1022 1340 1102 ,talia

260 1123 457 1200 possiderent
472 1123 516 1204 (ἲ)
532 1123 708 1185 volumina.

298 1223 372 1283 Non
387 1228 433 1283 est
448 1229 484 1282 ut
499 1221 684 1282 omittamus
699 1219 849 1282 crebrum
863 1237 1066 1298 gemmarum
1079 1236 1178 1280 usum
1192 1219 1226 1278 in
1238 1219 1336 1280 vesti-

260 1319 321 1380 bus
336 1318 471 1400 hujusce
488 1320 637 1398 temporis
653 1317 709 1400 (3).
726 1321 864 1398 Ergone
880 1322 953 1399 quis
965 1321 1104 1382 miretur
1126 1321 1162 1395 si,
1185 1326 1216 1380 et
1230 1319 1336 1394 hodie,

172 1461 178 1478 .
261 1416 432 1478 aurificum
461 1416 597 1496 hujusce
621 1417 772 1495 temporis
800 1417 962 1479 solertiam
989 1418 1210 1496 exquisitaque
1244 1433 1341 1496 opera

261 1515 392 1576 maximi
408 1515 572 1577 iaciamus

447 1743 485 1801 Dc
508 1743 623 1804 ortibus
648 1761 712 1818 qua
733 1753 867 1820 spectant
890 1743 930 1802 od
953 1742 1151 1803 intellectum.

301 1914 443 1991 Artibus,
461 1933 533 1995 quae
555 1917 594 1978 ad
615 1917 777 1991 alimenta,
802 1918 964 1993 vestitum,
982 1916 1169 1995 domosque,
1187 1916 1220 1978 id
1239 1923 1285 1978 est
1300 1920 1340 1980 ad

260 2012 430 2090 naturales,
448 2020 484 2074 ut
497 2013 542 2075 ita
555 2014 669 2090 dicam,
687 2014 859 2076 hominum
873 2015 1074 2076 necessitates
1084 2020 1233 2092 spectant,
1250 2034 1341 2094 expo-

261 2111 338 2184 sitis,
363 2118 459 2173 restat
478 2119 515 2172 ut
530 2130 582 2175 eas
598 2131 670 2192 quae
689 2114 729 2174 ad
744 2114 952 2188 intellectum,
970 2114 1002 2175 id
1017 2120 1063 2175 est
1077 2113 1117 2174 ad
1135 2114 1271 2176 morales
1285 2114 1341 2176 ho-

261 2209 388 2269 minum
403 2211 605 2272 necessitates
619 2211 787 2290 pertinent,
806 2213 1055 2274 consideremus.

303 2305 398 2367 Haud
423 2308 571 2386 equidem
598 2308 737 2369 diffiteor
764 2307 913 2370 homines
938 2326 975 2370 ea
1002 2315 1186 2386 tempestate
1213 2309 1341 2371 minimi

261 2404 389 2466 duxisse
405 2405 505 2466 animi
520 2405 691 2468 culturam.
713 2409 823 2482 Quum
838 2413 945 2468 tamen
960 2405 1070 2466 nullus
1085 2406 1208 2483 ignoret
1222 2406 1341 2469 litteras

261 2504 413 2582 allarolo
434 2505 551 2582 Magno
569 2505 609 2566 ad
632 2507 788 2567 Karolum
807 2503 941 2566 Calvum
960 2504 1119 2580 revixisse,
1140 2522 1267 2567 necesse
1280 2506 1341 2567 luit

262 2617 345 2664 artes
366 2603 506 2664 nonullae
528 2603 569 2664 ad
595 2603 678 2665 hauc
700 2604 881 2664 litterarum
903 2602 1143 2664 renovationem
1166 2610 1343 2680 spectantes

261 2699 428 2763 florerent:
441 2702 524 2763 Ante
538 2701 615 2763 alias
631 2701 674 2782 (4)
687 2720 737 2763 ars
747 2701 1061 2778 manuscriptorum:
1081 2698 1237 2761 Omnibus
1245 2700 1341 2763 hodie

261 2805 374 2860 notum
396 2806 443 2861 ast
468 2807 589 2878 quanta
612 2819 690 2862 cura
711 2818 801 2878 reges
827 2805 859 2861 et
887 2799 1065 2860 sacerdotes
1089 2799 1285 2860 studuerunt
1304 2808 1341 2861 ut

261 2897 479 2975 manuscripta
493 2896 701 2975 possiderant3
720 2898 838 2976 quippe
855 2896 985 2974 quinon
999 2895 1105 2971 modo,
1124 2895 1218 2956 sicuti
1232 2897 1342 2958 Alciii-

261 3011 332 3069 nuS,
345 2993 379 3054 iu
390 2994 539 3072 Angliam
549 2994 667 3074 legatos
677 2995 840 3056 mitterent
856 2993 914 3073 qui
928 2999 1122 3054 venarentur
1135 3010 1173 3054 aa
1187 2999 1341 3072 tanquam

262 3091 422 3169 reliquias,
441 3091 609 3153 sedetiam
624 3091 789 3153 monachis
808 3089 1086 3168 transcriptionem
1108 3107 1231 3166 eorum,
1254 3091 1342 3152 velut

264 3188 451 3266 religiosum
482 3207 572 3267 opus,
597 3190 809 3268 imponerent.
838 3189 877 3249 In
901 3188 1051 3249 omnibus
1075 3189 1275 3250 monasteriis
1304 3208 1342 3252 ea

265 3293 450 3364 tempestate
471 3305 598 3349 camera
619 3293 688 3348 erat
711 3286 890 3364 pecoliaris,
913 3287 1043 3348 nomine
1067 3287 1281 3365 scriptorium,
1306 3289 1342 3348 in

264 3401 362 3463 quam
376 3384 584 3462 penetrabant
599 3385 657 3446 soli
670 3384 797 3446 abbates
811 3383 852 3446 ad
866 3401 962 3461 opera
974 3384 1059 3445 inter
1073 3402 1148 3445 suos
1159 3385 1339 3448 dividenda.

264 3481 347 3542 Rem
362 3481 494 3542 omniuo
508 3481 643 3556 facilem,
660 3499 775 3560 nempe
790 3479 940 3542 monachi
955 3480 1028 3540 totis
1041 3480 1164 3542 viribus
1178 3481 1341 3545 incumbe-

264 3576 341 3638 bant
362 3582 397 3637 ut
421 3595 509 3639 sacro
532 3578 586 3639 illo
615 3579 828 3658 iungerentur
857 3577 973 3640 officio.
1001 3579 1220 3657 Manuscripta
1241 3580 1342 3658 igitur

264 3676 400 3752 pretiosa
427 3675 566 3737 evadunt
593 3694 657 3738 non
686 3677 782 3738 modo
810 3683 939 3756 propter
971 3677 1078 3756 ipsum
1113 3683 1247 3754 textum,
1285 3679 1340 3740 sed

296 3829 328 3892 (l)
342 3829 477 3880 Goimnou.
489 3830 647 3944 Polpptique
658 3831 810 3882 d'Irminon.
824 3831 991 3882 Breviorium
1003 3844 1093 3880 rerum
1105 3830 1235 3882 fiscalium
1248 3831 1341 3883 Kuroli

266 3889 310 3940 Mc
329 3893 364 3940 ni.
379 3919 408 3928 —
421 3893 570 3958 Appendni.
585 3896 598 3944 l
616 3895 639 3944 7.

296 3907 329 4026 (ἦ
343 3953 478 4027 Nonnulla
491 3955 627 4028 volumino
637 3959 816 4029 pervenerunt
825 3954 859 4026 od
870 3968 927 4005 nos.
942 3956 1106 4028 Documento
1118 3954 1212 4027 Opera·
1220 3955 1341 4068 Gregorii

266 4015 425 4072 Nuziunsaei,
441 4023 657 4082 picturisoruuto
670 4024 868 4075 minutissimis,
878 4031 938 4129 quaa
951 4022 1069 4068 eontinet
1081 4018 1229 4083 imperialis
1244 4019 1270 4067 bi
1293 4020 1340 4069 lio-

265 4078 522 4190 ἱζιθοὲἡβθηοῑθθᾳυθ
537 4081 681 4146 Scriptura
693 4093 795 4147 quasa
808 4081 880 4131 Theo
899 4080 954 4130 ullo
967 4081 1050 4137 dotas,
1066 4086 1173 4130 servant
1186 4080 1341 4132 Aniolences

287 4155 320 4192 on
359 4155 400 4190 ici.

298 4204 330 4264 (3)
345 4203 426 4261 Boou.
444 4203 476 4262 V,
491 4205 545 4259 417.
561 4220 642 4256 carin.
656 4203 801 4257 Theoduld.
816 4233 846 4242 -
861 4204 893 4262 V,
910 4205 963 4262 391,
979 4205 1051 4255 Poet.
1067 4204 1144 4254 Saxo.

298 4267 331 4328 (l)
346 4266 511 4318 Fqununr.
533 4269 649 4319 Histoire
664 4270 699 4318 du
716 4267 781 4317 livre
793 4281 826 4316 eii
843 4268 952 4326 Fruuce,
968 4266 1062 4333 depuis
1077 4267 1116 4316 los
1130 4273 1217 4332 temps
1229 4268 1267 4319 les
1281 4267 1342 4333 plus

267 4329 502 4398 racultsjusqu'en
520 4331 584 4383 1789.
603 4331 688 4391 Paris,
705 4329 771 4384 1861,
787 4330 897 4394 passim.
