3359 5142
686 568 845 634 ..43-

224 742 342 804 nensis.
361 741 473 817 Hodie,
490 742 521 802 in
538 740 649 802 eadem
664 739 803 818 regione,
821 738 881 800 has
910 744 993 801 artes
1016 756 1127 799 rursus
1141 738 1297 814 floruisse,

224 839 333 900 nullus
347 845 394 901 est
408 839 564 900 nimirum
578 837 634 917 qui
649 835 790 898 nesciat:
813 836 868 897 Nil
891 852 967 896 vero
985 835 1107 895 mirum
1131 836 1157 895 si
1186 836 1301 898 Franci

224 933 321 995 rudes
342 933 390 994 illi
407 932 586 996 Galliarum
610 931 762 1006 victores,
789 931 906 992 talibus
926 931 1069 994 materiis
1087 950 1148 994 non
1170 933 1237 1013 jam
1251 935 1302 996 usi

224 1031 352 1108 fuerint,
371 1032 488 1112 quippe
503 1030 561 1112 qui
574 1028 702 1092 delicias
718 1029 885 1092 munditia
899 1047 1013 1108 parum
1028 1039 1190 1094 curarent.

464 1269 502 1328 Dc
525 1267 641 1327 ortibus
663 1282 727 1341 qua
745 1275 877 1342 spectant
896 1267 936 1326 od
955 1267 1065 1328 doctos.

266 1455 381 1517 Franci
398 1471 527 1533 quoque
542 1469 656 1532 parum
679 1453 833 1515 curabant
856 1454 971 1515 domus
992 1456 1242 1518 commoditates.
1268 1457 1303 1519 Si

226 1553 311 1613 enirn
328 1553 483 1631 ccclesias,
500 1549 681 1633 plaatiaque
695 1567 832 1628 reguum
847 1557 879 1611 et
893 1550 1019 1612 castella
1032 1569 1202 1630 procerum
1216 1553 1302 1616 exci-

224 1642 301 1719 pias,
320 1641 434 1704 domus
449 1644 561 1706 tamin
576 1647 660 1724 agris
674 1664 773 1725 quam
796 1648 829 1708 in
852 1647 1033 1711 civilatibus
1051 1651 1096 1713 nil
1111 1651 1198 1712 aliud
1213 1658 1304 1712 erant

226 1755 324 1816 quam
339 1739 467 1816 tuguria
482 1758 498 1801 e
513 1739 600 1819 ligno
615 1742 746 1821 lutoque
757 1743 879 1822 paleato
893 1748 1073 1804 constructa
1086 1741 1127 1802 ad
1141 1757 1303 1802 summam

225 1835 283 1895 soli
298 1835 509 1913 superficiem,
527 1838 621 1899 sicuti
636 1856 673 1899 ca
685 1839 752 1918 jam
780 1839 989 1917 depinxerant
1010 1838 1041 1900 J.
1067 1836 1180 1913 Caesar,
1197 1836 1215 1898 J
1220 1837 1302 1897 ulia-

225 1949 350 2010 nnsque
378 1932 561 2012 imperator.
592 1936 673 1998 Inde
704 1936 908 2015 supellectilis
931 1936 1044 1998 raritas
1072 1943 1103 1997 et
1135 1935 1300 2012 inelegan-

227 2028 278 2103 tia,
297 2046 369 2106 quae
384 2029 480 2092 hodie
496 2039 560 2092 tam
576 2034 704 2112 vulgata
718 2035 940 2113 exquisitaque
954 2041 1012 2099 est.
1030 2032 1109 2095 Inde
1124 2031 1221 2093 nullae
1236 2032 1302 2094 fere

217 2134 308 2186 ,artes
322 2144 394 2205 quae
409 2135 551 2206 spectant
565 2130 605 2193 ad
619 2131 729 2192 domos
745 2132 801 2213 (l).

266 2223 319 2284 Est
334 2229 441 2286 tamen
460 2234 496 2288 ut
526 2228 676 2307 lignarios
700 2229 806 2290 fabros
829 2229 1017 2304 indicemuS,
1047 2244 1187 2307 quorum
1209 2242 1303 2304 opera

227 2323 467 2400 tunc‘temporis
481 2324 559 2386 adeo
573 2327 750 2388 necessaria
764 2326 936 2401 evadebat,
955 2325 1138 2403 aediumque
1154 2329 1299 2397 tectores
1398 2378 1401 2383 ,

226 2416 283 2496 qui
311 2419 456 2480 ecclesias
482 2421 613 2499 plumbo
636 2424 768 2486 delicate
791 2424 950 2487 elaborato
978 2423 1125 2501 legebant
1149 2420 1208 2502 (Ι).
1239 2421 1303 2482 Ars

225 2514 323 2576 altera
333 2515 401 2595 jam
422 2522 498 2580 tunc
512 2517 624 2580 florere
639 2518 817 2598 incipiebat,
838 2537 903 2600 qua
917 2519 1058 2598 superbit
1074 2517 1178 2592 hodie,
1196 2532 1302 2594 neque

225 2611 395 2690 immerito,
414 2615 556 2692 Francia,
575 2623 676 2678 artem
691 2616 760 2677 dico
776 2617 963 2677 vitreorum.
980 2615 1019 2676 ln
1033 2613 1172 2675 ecclesiis
1189 2611 1302 2690 praeci-

224 2725 287 2785 pue
308 2709 383 2770 vitri
403 2730 481 2773 usus
504 2720 571 2775 erat
593 2713 791 2775 communis:
809 2712 985 2791 Gregorius
999 2712 1087 2773 enim
1109 2708 1303 2771 Turonensis

224 2811 333 2867 narrat
347 2806 503 2869 latronem
518 2808 577 2870 sub
591 2817 716 2872 noctem
727 2810 761 2871 in
776 2808 941 2871 ecclesiam
955 2807 1177 2886 penetravisse,
1191 2806 1302 2885 nilque

224 2900 399 2977 pretiosum
413 2903 581 2981 invenisse,
599 2912 630 2967 at
653 2905 764 2967 saltem
781 2906 935 2967 fenestras
950 2904 1101 2982 rapuisse,
1128 2919 1200 2981 quae
1220 2903 1302 2963 vitro

224 2996 319 3075 lignis
346 2999 469 3060 incluso
494 3001 720 3065 clauderentur
745 3002 801 3084 (3).
824 3002 917 3064 Idem
942 3001 986 3081 (4)
1008 3000 1123 3062 vitreas
1145 3007 1303 3061 memorat

225 3095 363 3156 ecclesiae
378 3095 410 3157 S.
426 3097 446 3158 J
450 3097 550 3158 uliani
572 3099 709 3160 fulmine
731 3099 919 3174 destructas,
938 3098 1139 3175 vitreamque
1162 3096 1303 3158 absidem

225 3193 373 3269 ecclesiia,
391 3195 424 3256 in
441 3212 504 3275 qua
515 3196 598 3276 jacet
613 3196 756 3275 sepultus
770 3195 802 3257 S.
820 3195 957 3257 Albinus
972 3193 1138 3272 episcopus
1153 3193 1301 3270 Andega-

224 3291 328 3351 vensis
352 3291 408 3371 (5).
426 3292 517 3353 Vitro
539 3310 669 3371 quoque
698 3293 872 3354 utebantur
894 3291 935 3352 ad
957 3289 1156 3352 fabricandos
1178 3289 1299 3364 calices,

225 3390 373 3467 quamvis
393 3389 426 3451 id
441 3389 640 3470 prohibuerit
662 3391 697 3451 in
711 3390 844 3452 concilio
859 3387 1045 3450 Triburcnsi
1073 3386 1117 3466 (6)
1150 3385 1303 3448 Benedic-

226 3492 277 3547 tus
291 3487 493 3562 Anianensis,
505 3495 536 3549 et
550 3489 665 3567 pocula
679 3488 887 3567 agathosque.
904 3486 974 3547 lmo
983 3485 1023 3548 ad
1034 3484 1066 3546 id
1083 3483 1219 3544 solertiae
1229 3501 1302 3545 mox

225 3582 324 3644 nostri
349 3592 563 3662 pervenerunt
577 3584 723 3660 artifices,
751 3591 787 3645 ut
801 3584 915 3645 vicina
939 3582 1084 3660 regiones
1098 3597 1151 3642 eos
1172 3597 1190 3642 a
1211 3579 1302 3641 nobis

224 3687 366 3758 peterent
383 3707 389 3742 :
408 3682 542 3762 Septimi
557 3683 642 3744 enim
658 3681 766 3744 saeculi
788 3679 849 3741 sub
862 3681 972 3754 finem,
991 3677 1183 3740 Benedictus
1193 3677 1301 3738 Bisso-

181 3877 240 3919 Μ
254 3873 287 3934 (l)
302 3872 427 3937 Legimus
445 3877 533 3922 tamen
553 3873 580 3922 in
597 3887 655 3937 cap.
673 3872 704 3922 de
724 3870 803 3927 villis,
823 3873 860 3922 lt.
880 3891 893 3918 a
909 3871 947 3921 Ut
965 3883 1132 3936 unaquaque
1151 3871 1214 3920 villa
1231 3872 1303 3923 intra

224 3947 356 3984 cameram
373 3936 493 3991 lectoria,
512 3936 621 3992 culatns,
659 3934 790 3990 lurnatios,
810 3934 945 3990 batlinias,
964 3934 1089 3999 drappos,
1107 3932 1235 3984 bancales
1249 3940 1299 3986 eto.

224 3997 329 4052 habeat.
345 4003 441 4048 utnon
456 3997 491 4046 sit
504 4011 612 4048 necesse
626 3950 709 4048 aiiubi
723 3997 780 4046 limo
792 4011 913 4062 quaerere
925 4001 973 4047 aut
984 3993 1160 4048 commodare.
1177 4014 1190 4040 a

280 4059 431 4121 lEmnnnn,
446 4059 487 4110 td.
504 4060 604 4116 Teulet,
619 4061 653 4116 ΙΙ,
668 4059 707 4108 82.

266 4122 280 4170 3
303 4121 385 4172 Gneo.
400 4123 464 4172 Tun.
481 4122 518 4175 De
550 4123 596 4172 lor.
610 4125 686 4170 mart.
700 4121 738 4170 59.
753 4149 783 4157 -
797 4121 819 4184 (l
845 4120 884 4171 ld.
899 4121 937 4171 27.

267 4125 289 4246 5)
303 4183 341 4234 ld.
359 4183 404 4241 VI,
421 4185 456 4242 10,
471 4211 500 4221 —
555 4185 575 4242 Ι,
591 4185 630 4234 29.
646 4183 752 4256 <Vim
766 4183 792 4233 S.
831 4185 887 4248 ligii
901 4184 935 4240 ΙΙ,
953 4185 991 4234 45.

258 4247 290 4312 (6)
304 4247 358 4299 895.
374 4245 412 4300 Cf.
428 4262 461 4299 nn
473 4247 628 4300 Lnsrsrnrs.
641 4246 749 4314 Orrgme
762 4245 799 4298 du
811 4260 895 4298 verre.
910 4246 945 4305 11,
962 4247 997 4300 to.
