3359 5142
838 544 998 610 -20-

809 823 950 886 CAPUT
978 824 1028 886 III

403 1068 473 1123 De
500 1065 864 1136 negotiatoribus
893 1080 921 1120 e
951 1062 1147 1120 Francia
1174 1061 1220 1116 in
1247 1063 1436 1116 exteras

483 1189 715 1260 regionem
737 1193 819 1245 aut
843 1204 871 1244 e
894 1187 1156 1259 regionibus
1179 1183 1357 1274 exteris

605 1313 651 1370 ln
673 1313 915 1369 Franciam
938 1310 1236 1382 pergentibus

743 1550 918 1612 Consularis
940 1549 1102 1612 institutio.

423 1763 576 1838 Quamvis
604 1762 706 1825 multa
735 1761 986 1839 negotiatoribus
1020 1761 1181 1823 obstarent
1203 1761 1451 1839 impedimenta,

384 1879 456 1940 quae
472 1860 701 1923 commercium
725 1859 866 1920 Francia
878 1859 1017 1920 exterius
1031 1856 1235 1937 pessumdare
1256 1860 1451 1936 viderentur,

383 1977 448 2022 non
470 1959 601 2020 deerant
623 1963 731 2019 tamen
753 1957 837 2019 inter
860 1957 997 2018 Francos
1020 1957 1156 2018 audaces
1177 1957 1227 2018 vel
1246 1958 1350 2035 potius
1372 1959 1455 2020 lucri

383 2074 491 2120 amore
513 2055 636 2134 abrepti
664 2055 757 2130 cives,
780 2055 923 2133 quinon
947 2054 1043 2116 modo
1070 2055 1224 2116 sexcentis
1235 2055 1457 2133 ,navigationis

383 2155 533 2233 periculis
547 2154 601 2214 sed
615 2159 647 2214 et
662 2160 845 2214 exterarum
859 2142 1002 2230 gentium
1016 2152 1146 2212 invidiae
1161 2152 1287 2214 obviam
1301 2154 1348 2215 ire
1362 2153 1457 2216 aude·

384 2259 465 2313 rent.
483 2251 570 2325 Quos
583 2250 799 2329 sequebantur
813 2249 947 2328 provida
967 2266 1081 2326 regum
1103 2249 1237 2325 decreta,
1255 2258 1286 2312 et
1300 2251 1457 2330 praecipue

385 2349 565 2411 Consularis
579 2349 736 2409 institutio
752 2348 807 2428 (l).

425 2447 576 2509 Consules
589 2447 622 2506 in
640 2453 780 2525 tempore
798 2463 961 2506 sacrorum
979 2445 1137 2507 bellorum
1153 2445 1211 2506 sub
1226 2447 1329 2509 crucis
1343 2447 1457 2510 vexillo

384 2551 602 2624 susceptorum
612 2544 716 2604 solum
731 2549 851 2604 creatos
866 2543 963 2604 fuisse
984 2543 1130 2603 nonnulli
1147 2551 1336 2621 asseverant,
1353 2563 1458 2625 neque

385 2659 512 2722 prorsus
527 2659 579 2703 me
593 2641 668 2702 latet
682 2641 809 2700 nullum
833 2646 958 2701 certum
972 2641 1011 2702 de
1026 2641 1210 2702 consulibus
1225 2649 1347 2704 exstare
1362 2643 1456 2704 docu-

384 2746 531 2800 mentum
555 2745 627 2799 ante
650 2737 789 2815 diploma
810 2736 1006 2798 marchionis
1021 2737 1259 2813 Montisserrati‚
1279 2738 1367 2799 urbis
1381 2739 1458 2818 Tyri

384 2837 580 2916 possessoris,
605 2852 670 2914 quo
694 2834 840 2894 Massilia
863 2833 1113 2911 negotiatoribus
1135 2836 1188 2896 dat
1206 2836 1340 2914 copiam,
1373 2855 1459 2899 antro

386 2951 565 3008 ucixxrvu,
595 2930 739 2992 consules
767 2929 906 2992 habendi
933 2930 989 3010 (⁶2).
1016 2931 1107 2994 Falsa
1129 2933 1216 2993 enim
1239 2940 1270 2994 et
1297 2951 1317 2995 a
1345 2934 1460 2994 uostris

385 3030 591 3092 historiarum
616 3020 821 3106 scriptoribus
841 3028 993 3090 fabricata
1017 3029 1078 3089 luit
1109 3029 1219 3091 charta
1241 3030 1372 3107 famosa,
1396 3049 1460 3110 qua

387 3126 601 3190 Mabumedus
615 3127 682 3204 ipse
697 3125 879 3187 christianis
894 3126 1038 3187 concedit
1052 3133 1089 3186 ut
1105 3126 1285 3189 christianis
1299 3128 1461 3208 judicibus

387 3232 519 3286 utantur
543 3221 611 3302 (3):
637 3247 650 3278 r
672 3224 735 3284 Per
758 3223 818 3283 hoc
840 3223 952 3298 loedus
978 3223 1031 3299 ait,
1053 3230 1084 3284 et
1103 3230 1327 3286 testamentum
1350 3244 1460 3287 meum

388 3321 537 3402 profiteor
558 3337 610 3382 me
626 3319 833 3382 defensurum
855 3321 996 3399 judicem
1015 3338 1128 3382 eorum
1140 3321 1176 3381 iu
1190 3322 1360 3400 provinciis
1381 3322 1461 3383 meis

389 3437 463 3480 cnm
474 3417 645 3496 equitibus,
663 3416 831 3495 peditibus,
849 3416 1048 3497 adjutoribus
1058 3417 1285 3496 etsequacibus
1295 3419 1376 3480 meis
1385 3417 1460 3479 fide-

389 3517 481 3591 libus
508 3523 538 3578 et
567 3533 619 3577 eos
641 3515 784 3594 undique
802 3514 842 3576 ab
870 3515 1009 3576 inimicis
1029 3523 1242 3591 servaturum,
1260 3515 1325 3577 sive
1347 3515 1458 3577 remot‘

391 3615 519 3690 luerint,
539 3614 603 3675 sive
618 3613 788 3691 propinqui
812 3619 903 3675 etc.»
928 3612 1001 3674 Non
1024 3620 1070 3674 est
1093 3619 1198 3686 tamen
1221 3612 1358 3674 dubium
1382 3613 1461 3692 quin

422 3799 454 3861 (lt
468 3799 565 3849 Boset.
591 3798 630 3848 De
651 3798 769 3862 l'origine
782 3798 809 3847 et
822 3797 869 3848 des
891 3797 1021 3847 fonctions
1036 3796 1068 3849 de
1082 3797 1182 3847 consul.
1198 3796 1377 3847 Petersbourr
1392 3798 1459 3849 1807.

392 3889 421 3898 -
435 3861 528 3911 Srucr.
549 3861 589 3910 De
610 3862 748 3911 consulum
769 3861 796 3908 in
808 3860 934 3924 emporiis
950 3860 1023 3909 Asiae
1037 3860 1158 3921 minorijs
1168 3860 1276 3923 origine.
1287 3887 1316 3895 -
1330 3837 1459 3911 tedanus.

392 3924 509 3978 Ortotne,
525 3928 627 3977 nature,
642 3924 753 3995 progres
767 3928 793 3972 et
805 3923 936 3972 intluence
950 3922 985 3970 du
998 3922 1125 3972 consulat.

423 3963 455 4049 (ᾗ
469 3985 599 4049 Depping.
614 3984 730 4034 Histoire
744 3985 778 4033 du
794 3997 940 4034 commerce
955 3988 1028 4034 entre
1041 3986 1064 4055 le
1079 3984 1180 4034 Levant
1191 3987 1217 4034 et
1229 3983 1353 4049 l'Europe
1367 3985 1462 4050 depuis

393 4050 430 4098 les
445 4047 579 4097 croisades
590 4047 697 4111 jusqu'b
712 4045 738 4094 la
751 4046 886 4096 fondation
905 4046 952 4094 des
966 4047 1081 4096 colomes
1100 4046 1278 4110 d'Amerique,
1293 4048 1308 4096 2
1321 4049 1372 4097 vol.
1387 4049 1459 4097 iniit⁸

393 4111 469 4159 Paris
481 4110 545 4159 1836.
555 4137 584 4145 -
598 4114 650 4159 tom
660 4123 685 4164 n.
702 4122 726 4172 p.
739 4110 777 4158 25.
790 4136 819 4144 -
830 4108 931 4157 Statuts
944 4107 976 4157 de
988 4107 1132 4165 Marseille,
1143 4109 1184 4158 ed.
1198 4108 1230 4158 de
1245 4109 1309 4158 Fres
1330 4115 1381 4161 uet.
1390 4110 1411 4158 Ι.
1424 4110 1459 4160 17.

423 4172 455 4234 (3)
469 4171 624 4221 Calamina.
639 4170 825 4235 Negooiations
845 4169 877 4220 de
891 4171 916 4219 la
938 4170 1039 4220 Franco
1057 4169 1124 4220 daus
1145 4172 1167 4223 lc
1186 4171 1294 4221 Levant.
1310 4123 1417 4222 (lutrod.
1433 4186 1458 4238 p.

393 4248 536 4286 axvi-cxix.
