3359 5142
616 710 618 714 ’
685 706 845 770 -75-

226 855 494 934 comprehendere
521 855 708 934 potuissent.
735 854 885 916 »Veneti
915 871 1054 932 quoque,
1080 854 1181 931 magis
1204 870 1303 932 quam

225 952 337 1028 Graeci,
361 954 414 1015 tali
441 954 656 1015 inserviebant
679 952 880 1026 commercio,
898 952 1059 1030 praecipue
1073 969 1147 1012 cum
1163 951 1303 1012 Orientis

224 1050 359 1128 populis,
377 1051 514 1128 ideoque
529 1051 562 1110 iu
581 1068 614 1111 se
634 1055 855 1110 converterant
877 1049 987 1109 odium
1009 1048 1201 1110 vicinorum.
1226 1047 1299 1122 Sed,

221 1147 314 1226 jussu
342 1148 451 1208 Karoli
475 1147 582 1224 Magni
606 1147 644 1208 de
670 1146 832 1208 Ravennae
857 1155 888 1207 et
922 1146 1128 1223 Pentapoleos
1155 1144 1299 1222 partibus

224 1244 343 1305 detrusi
366 1244 497 1304 fuerunt
518 1244 558 1304 ab
581 1243 746 1305 Hadriano
770 1261 861 1322 papa,
883 1243 1150 1322 commercioque,
1167 1242 1302 1304 sednon

224 1341 258 1401 in
273 1342 406 1420 longum
420 1347 555 1420 tempus,
573 1342 688 1422 privati
705 1341 760 1421 (1).

654 1636 702 1720 De}
716 1641 876 1716 Hispotn'o.

265 1881 358 1942 Rarae
377 1898 452 1942 cum
471 1881 531 1942 alia
555 1880 684 1957 regione
713 1881 832 1958 pariter
855 1879 969 1955 vicina,
996 1880 1210 1943 Christianam
1231 1882 1301 1943 dico

222 1979 420 2056 Hispaniam,
438 1984 528 2039 eraut
547 1977 731 2039 commercii
751 1977 940 2038 occasiones.
958 1977 1051 2050 Quod
1073 1978 1100 2037 si
1121 1979 1208 2038 enim
1232 1979 1301 2040 Ka-

225 2076 311 2136 roius
326 2076 461 2152 Magnus
477 2075 709 2148 Hadesousum,
728 2074 864 2135 Gallitiae
878 2092 996 2151 regem,
1019 2074 1097 2135 adeo
1112 2075 1172 2135 sibi
1186 2076 1299 2136 deviu-
1380 2122 1382 2125 -

222 2173 276 2246 xit,
294 2178 331 2233 ut
345 2189 421 2232 eum
435 2189 499 2231 uon
519 2171 611 2232 aliter
625 2189 723 2250 quam
745 2171 947 2248 imperatoris
961 2171 1128 2248 proprium
1149 2173 1300 2250 appellari

218 2269 349 2348 jusserit
365 2266 420 2346 (ἲ),
439 2285 503 2328 non
518 2269 563 2328 ita
577 2285 772 2329 successores
787 2269 856 2347 ejus
876 2268 1103 2328 Karoliuorum
1126 2269 1300 2329 amicitiam

219 2365 368 2443 aucupati
383 2370 456 2424 suut
473 2391 479 2424 :
498 2365 616 2443 quippe
631 2365 685 2444 qui
702 2364 793 2424 bellis
808 2371 919 2425 contra
940 2365 1130 2426 Sarracenos
1153 2364 1299 2443 impediti

219 2463 449 2525 commercium
464 2479 580 2539 parum
595 2469 752 2537 curarent,
778 2463 1053 2540 quemadmodum
1075 2470 1204 2541 nepotes
1231 2465 1298 2524 Ka-

218 2561 278 2622 roli
293 2561 411 2638 Magni,
430 2559 520 2620 bellis
544 2567 654 2621 contra
670 2578 814 2639 proceres
832 2560 957 2636 irretiti,
975 2578 1049 2621 curu
1071 2561 1200 2639 regibus
1222 2562 1298 2622 His-

217 2657 321 2736 paniae
336 2675 398 2717 non
416 2657 587 2717 valuerunt
602 2675 749 2718 exercere
763 2657 953 2718 amicitiam.

240 2757 356 2817 Erant
370 2761 475 2817 tamen
493 2754 652 2832 peregrini
662 2755 719 2832 qui
734 2754 942 2848 deihspama
951 2774 1008 2834 per
1023 2757 1191 2818 Franciam
1206 2765 1298 2836 pete-

217 2854 293 2914 bant
313 2853 460 2928 Romam,
478 2859 534 2913 aut
549 2852 587 2912 de
602 2853 736 2913 Francia
756 2852 787 2912 S.
811 2853 830 2913 J
833 2853 969 2914 acobum
984 2853 1294 2932 Compostellanum3
1390 2900 1400 2920 r

216 2958 436 3030 mutuamque
452 2969 470 3012 a
484 2950 614 3028 regibus
635 2951 840 3028 requirebant
861 2951 1030 3011 auxilium.
1047 2952 1146 3012 Erant
1168 2971 1298 3031 quoque
1325 2995 1337 3013 ,
1374 2993 1377 3000 -

195 3005 201 3131 i
217 3050 352 3128 Hispani
367 3049 434 3126 qui,
460 3048 617 3126 depulsia
641 3047 832 3122 sarracenis,
851 3056 951 3108 terras
971 3065 990 3108 a
1009 3049 1138 3126 regibus
1158 3050 1298 3111 Franciae

193 3208 195 3220 ,
217 3146 452 3225 diplomataque
467 3145 672 3222 possessionis
687 3144 873 3206 obtinebant
884 3144 928 3225 (3)
945 3171 951 3204 :
970 3145 1164 3207 Haecautem
1178 3165 1242 3207 non
1257 3147 1297 3208 ad

192 3282 194 3323 :
218 3244 448 3305 commercium
464 3249 616 3320 spectant.

185 3356 193 3406 ὲ
215 3343 234 3404 t-
255 3341 375 3403 Gentes
396 3340 553 3401 hactenus
568 3341 829 3402 enumeravimus
845 3341 966 3402 vicinas
989 3342 1044 3423 (4),
1070 3343 1297 3421 catholicaque

218 3437 294 3498 fidei
312 3437 461 3511 addictas,
490 3437 627 3516 ideoque
657 3439 696 3499 ad
723 3439 954 3500 commercium
978 3447 1140 3518 promptas
1168 3464 1174 3499 :
1200 3440 1297 3500 Nunc

215 3541 324 3595 autem
349 3541 549 3596 transeamus
576 3535 616 3595 ad
639 3545 749 3613 gentes
773 3537 970 3612 remotiores
997 3543 1027 3598 et
1047 3538 1083 3599 in
1107 3534 1295 3598 catholicam

215 3631 468 3711 fidemjnondum
479 3638 692 3708 contumaces,
707 3634 761 3695 sed
771 3634 990 3696 auctoritatem
1003 3653 1090 3714 papae
1101 3633 1295 3714 jamdudum

214 3729 476 3806 aegreferentes
507 3729 644 3808 ideoque
674 3731 777 3791 rarius
806 3730 947 3805 visitatas
975 3750 994 3792 a
1021 3731 1289 3808 negotiatoribus,

214 3825 339 3888 Graecos
354 3827 485 3888 scilicet.

240 3903 331 3937 ⁸¹-

244 4007 276 4070 (l)
290 4007 373 4065 Bono.
389 4006 422 4064 V,
439 4008 492 4064 588,
507 4021 548 4072 ep.
565 4006 646 4056 Hadr.
661 4006 695 4058 ad
710 4008 774 4058 Kar.

244 4071 276 4132 (2)
291 4070 420 4120 Emuann.
435 4070 535 4120 Teulet.
551 4071 572 4124 Ι,
589 4070 626 4120 50.

253 4133 276 4194 3)
291 4132 457 4196 Praeceptum
472 4132 564 4182 Karoli
579 4131 651 4181 Calvi
667 4146 714 4196 pro
728 4133 793 4196 quib
807 4133 875 4198 hisp.
890 4132 965 4198 :8442
982 4133 1045 4183 Bai..
1062 4134 1095 4189 11,
1116 4133 1182 4184 tua

254 4195 277 4256 4)
291 4194 331 4243 Ex
348 4194 481 4258 Hispania
497 4199 594 4248 tamen.
615 4199 677 4243 tunc
691 4196 827 4259 temporis,
850 4209 933 4260 equos
954 4196 1133 4246 aestimabant.
1149 4196 1187 4245 Gs.
1208 4195 1293 4246 Wncss

214 4257 316 4312 (roman
327 4255 363 4305 du
378 4261 443 4318 ron).
457 4261 474 4305 t.
487 4257 521 4311 11,
535 4272 560 4320 p.
577 4257 626 4307 193.
636 4257 787 4306 Sucubueu
800 4258 900 4310 chevol.
914 4257 957 4306 fist
969 4257 1121 4308 demandes.
1132 4257 1210 4309 -Ne
1222 4259 1293 4322 poeit

214 4317 262 4367 l'on
282 4317 500 4430 meiliogjktroi‘er.
524 4346 553 4356 -
578 4318 743 4382 D'Espaigue
764 4318 782 4367 li
802 4324 848 4368 out
869 4319 959 4370 cnveid
978 4348 1007 4357 -
1027 4320 1073 4371 Un
1090 4323 1143 4371 reis
1157 4335 1205 4386 par
1226 4319 1293 4370 mult

214 4393 280 4442 grou
300 4395 388 4430 amisi
408 4419 412 4429 .
