3359 5142
734 565 896 630 „37-

277 717 359 778 sicut
382 715 565 776 institutum
589 722 644 789 est,
669 732 764 794 opera
781 717 821 778 ad
845 723 971 795 tempus
992 716 1068 778 dare
1091 715 1217 793 faciant,
1241 718 1274 780 id
1293 726 1350 796 est,

276 813 390 888 linum,
416 812 535 888 lanam,
554 813 666 890 waido,
688 813 874 889 vermicula,
899 813 1065 888 warentia,
1087 813 1239 891 pectinos
1257 815 1352 878 lami·

277 928 348 985 nas,
374 908 538 985 cardoueS,
562 925 722 987 saponem,
751 914 895 984 unctum,
924 909 1053 971 vascula
1077 910 1126 971 vel
1144 910 1269 989 reliqua
1288 912 1352 974 mi-

277 1015 356 1070 nuta
371 1014 430 1069 etc.
451 1031 465 1062 v

319 1105 423 1167 Variis
437 1105 535 1184 igitur
549 1103 698 1182 operibus
715 1121 748 1166 se
763 1104 881 1166 dabant
901 1104 936 1164 in
955 1103 1101 1182 gyneciis
1122 1104 1258 1181 leminae,
1276 1106 1354 1168 adeo

279 1207 315 1262 ut
337 1202 404 1262 lere
428 1206 501 1261 totve
516 1199 652 1280 husjuce
671 1200 824 1277 temporis
847 1199 984 1260 artesio
1004 1199 1050 1261 eis
1071 1208 1262 1265 constarent.
1279 1203 1355 1266 Sese

278 1294 395 1357 dabant
418 1311 547 1373 quoque
576 1293 748 1356 libidinum
771 1294 1024 1373 intemperantiae
1053 1323 1060 1359 :
1084 1316 1200 1377 nempe
1222 1301 1356 1378 gynecia

278 1393 371 1454 sicuti
385 1393 536 1470 luparum
550 1390 639 1453 sedes
654 1397 876 1454 memorantur
889 1393 921 1454 in
938 1393 1057 1456 chartis
1075 1395 1211 1475 hujusce
1230 1403 1354 1476 tempo-

279 1489 322 1550 ris
332 1487 396 1568 (t).·
405 1487 499 1561 Quod
513 1487 540 1548 si
555 1505 631 1548 vero
646 1489 781 1566 gynecia
791 1489 884 1567 quasi
898 1489 1060 1568 refugium
1074 1492 1257 1571 praebebant
1266 1493 1356 1554 femi·

279 1584 339 1660 nis,
357 1602 440 1664 quae,
458 1583 517 1645 sub
538 1583 642 1662 specie
657 1584 833 1660 laborandi,
851 1585 1066 1664 lasciviebant,
1084 1608 1171 1650 nunc
1188 1598 1355 1652 transeun-

278 1681 357 1743 dum
379 1686 425 1743 est
439 1681 480 1743 ad
495 1688 637 1743 austeras
652 1680 773 1756 domos,
791 1680 926 1743 fabricas
939 1682 1011 1745 dico
1025 1693 1081 1746 aut
1099 1686 1133 1746 in
1155 1687 1356 1750 monasteriis

278 1786 335 1840 aut
348 1779 469 1842 circum
484 1779 676 1840 monasteria
691 1779 777 1840 sitas.

644 2037 810 2096 dionostica
838 2037 982 2097 Fabricoe.

319 2247 363 2327 (⁶3)
379 2245 537 2309 Omnibus
565 2247 711 2324 prolecta
749 2253 864 2307 notum
897 2253 946 2309 est
980 2247 1153 2310 monachos
1179 2249 1356 2312 secundum

279 2346 424 2425 regulam
443 2346 476 2406 S.
508 2343 670 2406 Benedicti
698 2349 763 2405 iam
792 2344 933 2422 corporis
955 2362 1054 2422 quam
1078 2344 1357 2423 mentisoperibns

279 2444 444 2505 inservire.
463 2439 684 2519 Regnarrtibus
697 2441 797 2518 igitur
812 2441 984 2511 Karalinis,
1001 2441 1151 2503 monachi
1173 2459 1240 2504 sese
1259 2443 1356 2505 dede·

280 2545 352 2602 rant
380 2537 496 2600 studiis
518 2537 558 2600 ad
581 2538 780 2599 intellectum
809 2537 1052 2616 pertinentibus,
1076 2539 1197 2601 nedum
1224 2540 1359 2618 antiqua

278 2635 473 2715 neglexerint
490 2633 664 2696 instituta:
684 2635 834 2714 Namque
855 2653 929 2697 cum
949 2636 995 2697 eis
1017 2635 1174 2711 vivebant,
1209 2638 1358 2715 quamvis

280 2733 398 2811 regulae
425 2730 606 2791 monasticae
627 2748 691 2791 non
720 2732 854 2792 omnino
882 2733 1062 2811 participes,
1088 2732 1215 2811 opifices
1242 2733 1276 2793 iu
1300 2750 1357 2794 va·

279 2830 342 2891 rias
357 2827 518 2890 distributi
534 2826 679 2889 fabricas.
704 2827 906 2888 Documento
929 2830 994 2889 sint
1016 2829 1249 2890 monasterium
1273 2830 1356 2892 Soli-

279 2940 436 3003 gnacense
465 2921 520 2982 ubi
544 2947 558 2977 s
581 2920 625 3002 (3)
645 2921 783 2984 artifices
807 2921 967 2984 habentur
994 2925 1128 3003 plurimi
1157 2925 1356 2988 diversarum

280 3022 399 3083 artium
421 3019 526 3099 periti,
552 3020 660 3098 qui...,
698 3037 823 3098 semper
853 3020 893 3081 ad
916 3020 1128 3083 obedientiam
1161 3030 1237 3084 sunt
1263 3041 1358 3102 para-

282 3119 314 3190 ti,
343 3142 356 3173 a
388 3124 419 3178 et
447 3117 606 3195 praecipue
634 3115 827 3179 Centulense
859 3119 1112 3195 monasterium,
1149 3120 1211 3196 ita,
1249 3120 1359 3199 Augil-

279 3215 369 3276 berto
383 3212 506 3284 abbate,
524 3211 724 3290 dispositum,
743 3218 779 3271 ut
793 3218 877 3273 artes
896 3230 1007 3275 omnes
1029 3222 1060 3276 et
1073 3233 1169 3293 opera
1183 3217 1360 3278 necessaria

280 3309 363 3372 intra
376 3311 438 3372 loci
452 3309 610 3370 ambitum
626 3315 850 3370 exercerentur
865 3309 923 3388 (4).
942 3311 1037 3388 Aqua
1051 3312 1138 3372 enim
1153 3312 1250 3373 rivuli
1264 3312 1359 3374 Scar-

280 3408 413 3481 duonis,
442 3407 588 3469 medium
611 3405 831 3485 praeterfluens
859 3407 1045 3481 claustrum,
1077 3408 1197 3470 ibidem
1221 3409 1360 3470 farinam

279 3503 372 3565 molis
387 3503 518 3565 terebat.
540 3502 663 3565 Deinde
678 3502 830 3582 oppidum
845 3503 952 3582 ipsum
967 3505 1070 3566 varias
1093 3505 1254 3567 artificum
1268 3525 1354 3585 prm·

279 3599 375 3662 bebat
389 3599 534 3678 regiones
549 3615 606 3660 seu
622 3600 716 3675 vicos,
735 3600 835 3662 veluti
854 3599 988 3662 totidem
1003 3601 1187 3663 monasterii
1201 3602 1355 3677 officinas,

279 3715 352 3777 quae
375 3696 544 3758 monachis
566 3697 689 3758 variam
718 3696 948 3776 supellectilem
977 3699 1146 3776 variasque
1173 3699 1293 3777 species
1319 3700 1361 3760 ad

277 3801 401 3856 certum
425 3810 601 3854 numerum
623 3791 919 3854 subministrabant.
944 3792 1015 3854 Vici
1039 3793 1127 3855 enim
1148 3795 1363 3856 enumerandi

277 3985 469 4099 cisslkguucrus
487 4000 529 4052 op.
551 3989 594 4038 cit.
612 4002 635 4037 v.
658 3988 806 4052 gpnecium.
823 4015 853 4025 -
869 3989 907 4038 Cr.
927 3988 992 4038 Bru.
1010 3988 1047 4043 ll,
1070 3987 1123 4038 336.
1137 4015 1167 4025 -
1186 3989 1316 4040 Gemino
1329 4002 1364 4054 op

310 4112 333 4174 (t
358 4111 519 4184 Levisssua:
536 4111 653 4183 llistoire
668 4112 715 4162 des
730 4114 830 4164 classes
844 4113 982 4165 ourrieres
994 4129 1028 4165 eu
1044 4114 1153 4165 France.
1175 4116 1197 4172 1,
1217 4114 1268 4166 tte.

311 4175 343 4300 {ir
358 4172 460 4285 ΧᾎἛαῗῖ
473 4173 571 4286 5ὲῖ]ῗᾶ
586 4175 658 4293 Ιἑίι,
673 4250 701 4301 p.
718 4236 761 4286 331
777 4237 852 4300 uva).
