3359 5142
785 585 945 652 ..23-

329 755 403 798 rum
423 736 652 800 abundantiam
673 736 821 813 Aurelia,
845 737 1027 801 Matisconis
1042 743 1074 800 et
1085 737 1225 802 Cadurci
1241 741 1401 819 regiones.

330 832 488 894 Virorum
503 833 602 912 igitur
615 840 647 895 et
662 834 751 912 copia
771 841 803 894 et
817 834 919 894 virtus
933 834 1182 912 negotiatoribus
1197 836 1317 901 divitiis
1335 855 1402 899 esse

329 929 494 1006 debebant,
508 931 586 992 adeo
602 938 637 991 ut
650 931 730 994 vites
744 931 857 994 morbo
871 931 1059 1008 laborantes,
1076 940 1230 1013 tanquam
1241 934 1402 1014 publicam

329 1026 550 1103 calamitatem,
568 1037 759 1090 enumerent
774 1029 942 1108 scriptores
957 1030 1014 1108 (1).
1031 1030 1136 1104 Quam
1151 1032 1284 1111 quidem
1298 1033 1402 1095 Karo-

328 1125 387 1185 lini
402 1143 570 1205 nunquam
585 1125 674 1188 obliti
689 1134 763 1188 sunt
777 1128 937 1190 culturam
966 1127 1022 1209 (2).
1043 1153 1057 1184 a
1075 1129 1118 1190 Ut
1137 1129 1260 1209 judices
1286 1131 1398 1206 nostri,

326 1221 370 1282 ait
384 1223 520 1284 Karolns
535 1223 680 1301 Magnus,
690 1224 799 1286 vineas
811 1226 967 1304 recipiant
979 1233 1111 1302 nostras,
1124 1232 1156 1287 et
1170 1225 1276 1305 ipsum
1287 1227 1401 1288 vinum

328 1319 362 1378 in
377 1319 465 1382 bona·
474 1319 601 1382 mittant
613 1321 751 1397 vascula,
769 1327 799 1384 et
814 1322 982 1400 diligenter
995 1323 1163 1402 providere
1182 1322 1301 1384 faciant
1314 1324 1401 1402 quod

327 1416 416 1477 nullo
439 1416 534 1478 modo
559 1418 763 1496 naufragium
788 1419 838 1480 sit.
857 1420 1002 1482 »Franci
1030 1438 1115 1496 vero,
1143 1419 1231 1481 haud
1250 1438 1341 1482 secus
1363 1438 1401 1482 ac

313 1507 417 1590 ¹Galli,
436 1514 549 1575 vinum
565 1515 666 1576 colere
691 1534 755 1577 non
772 1518 920 1594 contenti,
938 1517 1012 1580 vino
1027 1535 1156 1598 quoque
1171 1517 1397 1592 inserviebant,

327 1610 419 1674 sicuti
434 1621 563 1692 apparet
580 1631 597 1676 e
609 1615 725 1676 severis
740 1620 771 1676 et
785 1614 884 1676 irritis
893 1616 927 1677 in
942 1616 1045 1680 ebrios
1059 1616 1253 1698 capitulariis
1267 1615 1323 1697 (3).

809 1861 908 1922 Siloa.

365 2061 500 2124 Galliam
530 2061 574 2140 (l)
599 2063 675 2124 olim
703 2063 767 2125 fere
790 2070 889 2124 totam
907 2063 994 2124 silvae
1017 2061 1164 2141 tegebant
1187 2061 1392 2139 densissima,

323 2161 525 2240 majoresque
547 2161 656 2237 nostri,
670 2162 757 2223 velut
776 2161 933 2223 Americae
953 2159 1138 2222 Oceaniaeve
1155 2159 1268 2235 coloni,
1286 2160 1398 2221 domos

327 2265 358 2318 et
373 2256 467 2318 urbes
483 2257 596 2318 mediis
618 2258 652 2318 in
673 2257 803 2319 saltibus
824 2257 984 2320 (edificare
998 2257 1153 2318 solebant.
1170 2255 1305 2330 Quando
1319 2275 1395 2320 vero

327 2355 466 2416 Romani
481 2354 616 2416 Galliam
630 2355 732 2416 fecere
747 2373 848 2431 suam,
865 2355 931 2417 fere
953 2372 1062 2415 omnes
1077 2353 1163 2414 silvae
1182 2353 1293 2415 deletae
1307 2360 1393 2431 sunt,

323 2457 359 2511 ut
388 2451 632 2512 extenderentur
659 2450 836 2514 latifundia.
864 2451 973 2512 Multis
996 2458 1065 2530 post
1089 2451 1219 2526 saeculis,
1244 2450 1395 2512 monachi

322 2567 389 2610 sese
403 2549 615 2627 confugerunt
629 2550 663 2610 in
678 2551 807 2612 ultimas
821 2550 1012 2629 penitusque
1027 2555 1164 2610 remotas
1178 2555 1282 2627 partes
1296 2549 1393 2610 silva-

321 2665 405 2722 rum,
423 2646 455 2708 S.
472 2647 602 2708 Fiacrus
616 2647 704 2710 verbi
725 2649 825 2728 gratia
840 2655 871 2709 et
893 2648 925 2710 S.
948 2647 1122 2726 Sequarius
1139 2646 1173 2706 in
1193 2646 1391 2724 Burgundia,

320 2744 353 2805 S.
370 2744 507 2806 Imierus
522 2745 552 2805 in
571 2745 737 2822 Rauracia,
755 2745 787 2808 S.
812 2747 1033 2807 Lannomarus
1055 2744 1087 2805 in
1108 2744 1242 2819 Partica,
1271 2750 1301 2806 et
1324 2745 1395 2805 Ma-

319 2842 438 2918 glorius
452 2843 487 2904 in
501 2843 676 2919 Armorica,
690 2844 915 2923 discipulisque
930 2842 1137 2922 congregatis,
1150 2842 1327 2921 plurimum
1342 2860 1394 2902 va-

320 2939 449 3002 luerunt
463 2941 503 3002 ad
523 2941 616 3002 silvas
631 2941 796 3004 credendas
811 2940 868 3020 (5).
885 2941 1105 3019 Regnantibus
1120 2939 1218 3018 igitur
1232 2938 1395 3001 Karolinis

319 3037 372 3098 vix
389 3039 552 3100 nonnullae
569 3058 607 3102 ex
630 3040 769 3118 antiquis
794 3039 880 3099 silvis
895 3044 1105 3116 supererant:
1125 3055 1204 3117 quas
1224 3044 1396 3100 enumerat

320 3125 456 3197 Karalus
471 3135 583 3198 Calvus
596 3137 631 3196 in
647 3137 832 3214 capitulario
852 3136 928 3197 anni
952 3152 1143 3208 nccooxsvn,
1159 3133 1308 3196 videlicet
1321 3135 1388 3195 Ka-

238 3227 240 3230 ’
321 3235 432 3296 risiaca
461 3233 529 3314 (b),
560 3235 639 3296 silva
666 3235 700 3295 in
728 3252 807 3313 pago
835 3232 1073 3306 suessionensi,
1098 3231 1236 3307 Seliaca,
1269 3232 1394 3294 Salmo-

320 3332 390 3404 tica,
416 3331 536 3406 Caesia,
575 3332 743 3406 Andriaca,
776 3329 941 3405 Verberia,
965 3328 1132 3403 attiniaca,
1161 3328 1389 3408 Astenidaque,

322 3435 426 3507 partes
442 3429 568 3490 famosae
582 3428 668 3489 illius
682 3429 869 3489 Arduennae
893 3427 979 3486 silvae
1002 3427 1094 3506 cujus
1117 3426 1153 3485 fit
1173 3444 1256 3504 soepe
1276 3427 1395 3487 mentio

321 3525 405 3604 apud
420 3527 627 3604 antiquorum
642 3525 808 3604 scriptores
832 3523 1058 3586 chronicorum
1074 3523 1130 3602 (7).
1148 3524 1219 3584 Non
1250 3523 1394 3601 procula

351 3711 382 3772 (Ι)
395 3711 477 3768 Bono.
492 3709 523 3759 V.
541 3709 590 3760 tto.
609 3708 681 3760 Poet.
697 3709 759 3760 San.
773 3707 820 3766 IV,
833 3709 889 3759 ⁶254.

296 3775 383 3836 ..flx
397 3774 461 3822 Bau.
478 3773 498 3821 I.
514 3786 572 3836 cap.
587 3771 619 3822 de
633 3772 712 3827 villis,
729 3773 751 3820 8.

352 3810 384 3898 (3)
399 3834 437 3884 ra.
452 3836 471 3892 1,
488 3835 541 3890 373,
557 3835 610 3888 aea.
627 3833 679 3889 lu,
695 3833 749 3890 tes,
765 3834 819 3883 855.
1023 3894 1028 3903 ,

352 3898 384 3962 (l)
396 3899 427 3946 A.
440 3896 544 3946 Mnunr.
560 3897 651 3947 Forets
665 3897 697 3946 de
711 3896 813 3946 Franco
827 3895 894 3946 dans
909 3894 1057 3962 l'antiqurtd
1071 3898 1097 3945 el
1115 3897 1140 3947 le
1157 3897 1320 3961 moyen-rige.
1335 3897 1391 3950 Me-

319 3960 401 4010 moire
417 3959 567 4024 presented
586 3957 677 4008 l'acad.
694 3957 718 4006 d.
735 3957 820 4008 Inscri
841 3962 859 4006 t.
879 3958 945 4010 1866.

348 4024 381 4084 (5)
398 4022 528 4072 Bonnann.
544 4021 605 4070 XX.
621 4021 688 4085 Aug.
705 4020 758 4071 606.
773 4048 802 4056 -
822 3973 880 4070 Ru.
906 4021 962 4071 ord.
982 4021 1009 4070 S.
1025 4019 1124 4070 Boned.
1142 4024 1159 4069 t.
1181 4022 1202 4076 1.
1218 4021 1272 4070 vito
1294 4023 1321 4072 S.
1343 4024 1389 4075 Se-

318 4085 436 4196 3115ssst
452 4086 474 4133 8.
490 4112 520 4120 -
535 4082 756 4138 Monratannanr,
776 4081 879 4133 Moines
898 4083 1058 4139 d'Occident,
1083 4083 1232 4140 11,343.—
1252 4083 1388 4136 Maurius.

342 4149 471 4197 lresaurus
484 4160 568 4196 novus
583 4145 779 4203 anecdotorum,
792 4145 826 4194 ll.
841 4145 895 4201 347,
910 4145 963 4196 348.

349 4209 381 4268 (6)
396 4209 459 4258 Bac.
476 4209 508 4266 ll,
525 4209 570 4258 ’268
586 4207 664 4257 edict.
680 4207 852 4263 Curisiacum,
869 4208 906 4256 32.

348 4271 380 4335 (7)
396 4271 512 4322 Annales
524 4271 688 4322 Francorum
700 4270 751 4320 An.
765 4270 819 4327 802,
834 4269 888 4327 804,
903 4270 958 4328 813,
973 4268 1027 4320 819.
1044 4270 1098 4328 8¹22,
1114 4270 1168 4328 823,
1184 4272 1234 4320 stc.
