3359 5142
838 592 997 655 ..22-

422 847 459 906 Do
480 847 602 907 aduenis
623 849 853 923 ticpotintoribus
871 849 993 924 licitique
1013 865 1067 924 per
1089 850 1255 910 Francia-m
1276 852 1412 927 acceptis.

423 1072 507 1132 Illud
521 1079 639 1147 autem,
656 1073 842 1152 plusquam
861 1073 1035 1135 consularis
1048 1074 1206 1135 institutio
1229 1083 1285 1136 aut
1306 1077 1456 1139 universa

384 1169 584 1248 eleemosyna
604 1169 719 1230 nostris
745 1170 993 1248 negotiatoribus
1016 1171 1179 1248 proderat,
1206 1172 1325 1233 scilicet
1352 1173 1451 1234 adve-

383 1286 439 1329 nas
453 1268 486 1328 in
501 1268 667 1330 Franciam
682 1268 817 1346 benigne
832 1275 976 1347 exceptos
986 1286 1063 1330 esse.
1082 1269 1136 1330 Eis
1148 1270 1245 1346 enim,
1264 1271 1363 1332 veluti
1373 1272 1453 1332 civi-

383 1363 452 1441 bus,
470 1365 554 1443 leges
569 1365 739 1443 vigilabant
754 1391 760 1426 :
786 1384 850 1426 non
866 1366 960 1426 modu
976 1366 1162 1428 itinerantes
1176 1368 1233 1445 qui
1247 1366 1287 1428 ad
1302 1368 1456 1446 palatium

384 1471 439 1523 aut
452 1463 513 1524 alio
527 1471 665 1542 pergunt
679 1481 774 1524 nemo
788 1462 935 1525 adsallire
949 1462 1042 1524 debet
1057 1463 1112 1543 (1),
1130 1464 1185 1525 sed
1204 1465 1299 1526 etiam
1316 1465 1454 1542 gratuita

384 1558 558 1620 viatoribus
585 1559 780 1639 hospitalitas
807 1560 966 1638 praebetur
994 1559 1049 1640 (8).
1081 1560 1264 1634 Quinetiam
1292 1562 1454 1622 nonnullis

384 1675 496 1719 eorum
518 1657 681 1736 privilegia
696 1657 783 1718 haud
804 1658 1001 1735 aspernanda
1022 1658 1200 1719 concedunt
1222 1676 1322 1736 reges.
1346 1659 1454 1720 Docu-

385 1761 492 1816 mento
516 1755 725 1833 quadraginta
744 1762 774 1816 et
799 1761 861 1816 tres
889 1753 1033 1832 Hispani,
1056 1772 1137 1833 quos
1160 1755 1297 1816 Karolus
1318 1756 1453 1833 Magnus

385 1861 494 1914 contra
510 1869 582 1912 suos
593 1853 704 1912 missos
719 1852 752 1913 in
766 1852 995 1914 beneficiorum
1009 1851 1204 1930 possessione
1214 1851 1390 1914 confirmat.
1409 1851 1453 1931 (3)

425 1949 624 2010 Documento
639 1966 768 2028 quoque
786 1949 846 2010 tria
868 1948 1022 2009 Ludovici
1044 1949 1095 2009 Pii
1123 1948 1309 2027 capitularia
1328 1948 1373 2029 (1)
1395 1968 1454 2028 pro

385 2045 454 2107 aliis
487 2046 657 2126 Hispania,
692 2064 772 2124 qnos
803 2046 838 2105 in
866 2044 1106 2123 privilegiorum
1138 2044 1376 2106 confirmatione
1407 2045 1456 2107 bis

386 2144 588 2206 confirmavit
612 2167 625 2198 a
652 2161 688 2206 eo
709 2142 854 2204 videlicet
882 2143 976 2203 modo
1006 2149 1043 2202 ut
1065 2143 1147 2203 sicut
1170 2127 1289 2203 Franci¹
1310 2142 1458 2205 homines

386 2240 459 2301 sint.
486 2241 562 2320 »(5)

425 2337 521 2416 Angli
545 2355 674 2416 quoque
693 2338 906 2416 peculiaribus
928 2337 1115 2410 fruebantur
1137 2335 1299 2398 beneficiis
1314 2336 1370 2418 (6).
1386 2339 1452 2399 Alii

386 2435 491 2510 etiam,
503 2444 533 2496 et
544 2435 747 2496 remotissimi
761 2435 880 2512 populi,
897 2433 985 2495 haud
1000 2452 1090 2495 secus
1101 2434 1348 2511 excipiebantur.
1358 2434 1452 2514 Syro

387 2551 461 2592 rum
475 2549 561 2609 gens,
581 2539 652 2593 ante
667 2532 753 2608 alias,
771 2531 830 2592 sub
845 2531 944 2592 finem
959 2531 1038 2593 sexti
1060 2538 1130 2608 post
1151 2530 1314 2592 Christum
1332 2532 1451 2606 soecnli,

386 2631 581 2706 Narbonam,
604 2629 775 2709 Castraque
797 2629 989 2704 Constantia,
1008 2629 1279 2708 Burdigalamque
1300 2631 1457 2692 mercium

386 2728 470 2788 locos
485 2732 660 2805 receptores
684 2726 883 2805 possidebant
906 2726 961 2806 (7),
978 2733 1018 2801 et,
1035 2727 1070 2786 in
1083 2726 1308 2788 Aurelianensi
1330 2727 1455 2790 civitate

383 2825 576 2905 jamdudum
606 2825 714 2904 positi,
738 2824 1019 2887 Guntchramuum
1043 2830 1195 2902 tanquam
1219 2841 1327 2902 regem
1349 2824 1454 2902 legiti-

386 2941 477 2983 mnm
492 2922 741 2985 considerabant.
760 2922 942 2994 Quinetiam
958 2921 1012 3002 (8),
1036 2921 1178 2995 Lutetiae,
1202 2919 1358 2982 Eusebius
1381 2922 1456 3001 qui-

386 3020 460 3081 dam
484 3021 659 3099 negotiator
679 3038 794 3098 genere
816 3020 926 3100 Syrus,
951 3021 985 3079 in
1008 3019 1114 3080 locum
1133 3019 1301 3096 Ragnaudi
1319 3019 1456 3098 episcopi

387 3117 585 3197 subrogatus
603 3117 699 3198 Syros
709 3118 924 3180 ecclesiastica
935 3117 1046 3178 domui
1060 3116 1221 3177 ministros
1235 3116 1353 3176 statuit.
1371 3117 1457 3195 Reg-

386 3217 536 3277 nantibus
551 3216 720 3292 Karoliuis
737 3216 885 3294 quamvis
898 3215 1088 3276 documenta
1102 3213 1214 3290 desint,
1231 3212 1262 3273 id
1277 3214 1458 3294 conjectura

387 3313 513 3392 assequi
527 3331 633 3392 queas,
652 3322 688 3375 ut
707 3313 818 3374 iisdem
833 3312 1006 3392 privilegiis
1026 3311 1130 3372 ornati
1145 3311 1208 3372 sint
1228 3310 1313 3389 Syri.
1339 3313 1456 3390 b'empe

388 3430 459 3474 raro
473 3413 556 3474 inter
571 3412 736 3474 Franciam
750 3411 943 3491 Syriamque
957 3409 1090 3471 cessabit
1110 3409 1349 3471 commercium.

418 3623 439 3684 (1
466 3622 529 3672 Β11,
543 3617 566 3672 1.
583 3620 634 3677 198,
650 3623 698 3670 nrt.
717 3621 753 3676 17,
767 3633 824 3684 cap.
838 3619 870 3669 de
882 3618 936 3668 789.
1229 3676 1234 3684 ,
1375 3677 1380 3686 ,

419 3687 442 3749 (9
466 3685 583 3749 Supplex
598 3682 705 3733 libellus
721 3682 911 3732 monachorum
924 3680 1097 3731 Fuldeusiurn
1117 3678 1215 3728 Karolo
1228 3679 1381 3740 imperatori
1393 3691 1455 3742 por-

388 3751 484 3803 rectus,
499 3751 547 3797 art.
564 3761 660 3796 11111-
673 3744 770 3794 Annal.
785 3743 883 3794 Bened.
898 3745 933 3792 ll.
949 3743 1001 3792 395.

419 3811 452 3872 (3)
466 3810 530 3859 Bac.
546 3810 566 3859 1.
582 3809 633 3859 199.
649 3835 677 3844 -
690 3808 772 3866 Bono.
792 3806 821 3856 V.
840 3807 890 3856 176.

420 3873 443 3936 (l
467 3873 530 3921 Bm.
547 3871 634 3922 1569.

419 3937 443 3998 (5
466 3935 505 3983 ld.
519 3935 553 3983 II.
572 3934 636 3984 1111.
652 3961 681 3970 -
695 3932 725 3982 ’27
739 3934 779 3983 tit.
795 3931 842 3988 111,
859 3945 907 3996 pro
921 3931 1057 3996 Hispanis.

418 3999 451 4060 (6)
467 3997 505 4047 ld.
521 3998 542 4046 Ι.
557 3997 610 4047 173.
626 3997 709 4053 Bono.
726 3994 757 4044 V.
774 3994 828 4045 617.

418 4060 451 4123 (7)
463 4059 617 4110 1111111111.
632 4057 748 4108 Histoire
771 4056 808 4106 du
828 4055 995 4120 Languedoc.
1011 4059 1031 4107 Ι.
1052 4056 1105 4108 316.
1130 4055 1244 4105 —Acta
1266 4054 1293 4104 S.
1318 4049 1415 4102 Bened.
1431 4051 1455 4099 2.

388 4139 413 4189 p.
427 4124 466 4172 99.
482 4150 511 4158 -
526 4122 607 4172 Gusc.
621 4120 685 4170 Tun.
704 4119 762 4179 VII,
777 4119 814 4171 31.

420 4185 452 4249 (8)
465 4184 546 4236 Gran.
561 4185 625 4234 Tun.
641 4182 673 4234 X.
687 4183 726 4235 26.
