3359 5142
1656 619 1977 740 -ggss,

902 892 982 952 De
1034 892 1546 964 Marmannoram,
1612 892 2110 966 Sarraccnorum,
2176 893 2729 968 Hunqarorumque

1512 1014 1961 1078 incursionibus
1992 1012 2103 1092 (1).

823 1188 968 1266 Non
996 1221 1072 1266 ea
1097 1202 1378 1282 profecto
1406 1219 1589 1264 mens
1617 1209 1711 1264 est
1737 1202 1921 1263 nobis
1966 1210 2039 1263 ut
2085 1203 2610 1266 Normannorum
2660 1204 2883 1268 Sarra-

743 1318 1175 1380 cenorumque
1220 1299 1386 1361 bella
1420 1316 1780 1360 narremus,
1814 1299 1982 1360 Illud
2011 1300 2218 1361 solum
2250 1299 2666 1361 indicandum
2701 1300 2885 1362 nobis

739 1397 1018 1472 videtur,
1090 1395 1325 1457 scilicet
1379 1395 1700 1473 quomodo
1763 1395 2107 1473 diriperent
2163 1396 2499 1459 Franciam
2524 1446 2537 1473 ,
2599 1398 2875 1478 ideoque

738 1493 1115 1555 commercio
1144 1493 1461 1554 obstarent
1491 1490 1606 1572 (2).

818 1591 1092 1651 Karolus
1120 1590 1408 1665 Magum,
1443 1591 1628 1669 cujus
1655 1593 1790 1650 erat
1815 1605 1996 1650 mens
2023 1590 2303 1669 provida,
2334 1591 2611 1671 jusserat
2641 1592 2873 1652 instrui

738 1705 928 1749 naves
948 1688 1132 1766 juxta
1159 1685 1427 1746 flumina
1447 1700 1590 1762 quae
1619 1685 1697 1760 de
1727 1683 1930 1745 Gallia
1948 1691 2009 1746 et
2028 1685 2370 1748 Germania
2397 1687 2874 1766 septentriona-

735 1784 862 1845 lem
891 1781 1172 1842 influunt
1201 1779 1528 1842 Oceanum
1559 1777 1691 1858 (3).·
1710 1779 2026 1841 Stationes
2055 1799 2314 1861 quoque
2360 1790 2422 1845 et
2450 1785 2745 1847 excubias
2771 1801 2886 1864 per

735 1886 954 1958 portus
996 1886 1060 1940 et
1104 1878 1262 1939 ostia
1306 1876 1653 1938 fluviorum
1702 1876 2112 1954 disposuerat,
2149 1880 2335 1941 sicuti
2370 1881 2439 1942 id
2485 1882 2873 1945 demonstrat

735 1977 1181 2055 capitularium
1236 1991 1401 2035 anno
1471 1991 1667 2034 ncccn
1731 1972 1935 2033 latum
1992 1973 2069 2035 de
2124 1976 2394 2054 navigiis
2452 1970 2879 2056 praeparandis

735 2075 901 2136 circa
953 2073 1165 2133 littora
1217 2071 1412 2132 maris
1454 2067 1543 2147 (4)
1579 2093 1592 2128 ε
1635 2091 1662 2122 α
1700 2068 1795 2129 De
1841 2068 2057 2130 liberis
2112 2070 2481 2133 hominibus
2538 2075 2652 2152 qui
2708 2075 2874 2136 circa

733 2171 1056 2233 maritima
1081 2170 1216 2231 loca
1242 2167 1548 2240 habitant,
1583 2165 1637 2225 si
1664 2166 1933 2226 nuntius
1978 2167 2225 2228 venerit
2254 2174 2325 2228 ut
2366 2168 2453 2229 'ad
2484 2176 2869 2231 succurren-

733 2266 890 2328 dum
935 2267 1203 2328 debeant
1247 2264 1464 2325 venire
1520 2269 1583 2323 et
1631 2279 1760 2322 non
1811 2263 2089 2341 veniant,
2152 2265 2595 2343 unusquisque
2636 2265 2869 2327 solidos

732 2365 957 2443 viginti
984 2369 1340 2441 componat.
1377 2384 1404 2416 n
1442 2360 1613 2422 Fecit
1642 2359 1815 2420 idem
1844 2359 1932 2438 (5)
1974 2361 2043 2420 in
2088 2361 2297 2424 littore
2326 2362 2665 2440 provinciae
2693 2363 2861 2424 Nar-

732 2459 1028 2524 bonensis
1093 2477 1167 2521 ac
1220 2456 1644 2536 Septimaniae‚
1704 2460 1835 2515 toto
1892 2455 2086 2516 etiam
2139 2454 2338 2517 Italiae
2394 2457 2603 2519 littore
2658 2476 2865 2538 usque

735 2557 1007 2620 Romam
1035 2564 1254 2619 contra
1293 2556 1692 2618 Sarracenos.
1744 2555 1958 2632 Atque
2001 2553 2163 2629 ide0,
2193 2554 2341 2633 J‘ure
2382 2555 2663 2634 quidem,
2700 2562 2873 2617 vates
2953 2561 2957 2564 ’

733 2655 1003 2716 scribere
1030 2660 1273 2733 poterat
1303 2653 1393 2733 (6)
1427 2677 1441 2711 :

980 2800 1024 2853 Ο
1057 2804 1317 2866 quantum
1345 2799 1498 2850 Curis
1525 2799 1830 2865 respublica
1857 2801 2096 2849 creverat
2123 2798 2229 2849 illis
2255 2803 2265 2849 !

979 2879 1152 2942 Quam
1179 2881 1550 2931 conservatum
1580 2877 1758 2929 floruit
1785 2877 2069 2943 imperium
2091 2879 2165 2927 l...

977 2958 1182 3010 Gallica
1205 2960 1485 3026 praestuxit
1512 2973 1609 3010 nec
1639 2972 1746 3008 non
1772 2956 2090 3008 Germanica
2121 2957 2298 3008 classe

977 3039 1195 3096 Littora,
1228 3052 1333 3103 qua
1361 3039 1548 3088 fluvios
1575 3037 1798 3102 suscipit
1824 3035 2084 3088 Oceanus,

979 3117 1190 3170 ...Ostia
1214 3131 1309 3168 seu
1333 3122 1536 3182 portus,
1565 3117 1753 3181 positis
1781 3115 2115 3172 stationibus,
2147 3122 2330 3166 omnes

975 3197 1121 3247 Fecit
1143 3197 1442 3247 inaccessos
1467 3195 1712 3246 hostibus
1737 3193 2070 3245 omnimodis.

809 3337 1167 3398 Ludovicus
1197 3337 1354 3399 Pius
1399 3355 1656 3416 quoque
1693 3361 1719 3392 (ε
1753 3335 2041 3415 praesidia
2070 3335 2280 3414 posuit
2310 3335 2376 3396 in
2404 3336 2614 3398 littore
2646 3337 2862 3412 mariS,

626 3399 666 3673 N
727 3433 841 3496 ubi
870 3451 1122 3496 necesse
1169 3435 1292 3495 fuit
1334 3434 1444 3514 (7).
1484 3457 1511 3488 n
1557 3432 2049 3509 Sari-acenisque
2094 3430 2191 3492 bis
2235 3431 2456 3492 intulit
2484 3431 2724 3493 bellum
2756 3431 2868 3510 (8).

727 3533 1002 3593 Karolus
1058 3531 1288 3593 Calvus
1357 3531 1632 3609 denique
1688 3530 2016 3591 decretum
2072 3529 2269 3590 edidit
2331 3552 2358 3582 α
2419 3528 2496 3589 de
2552 3529 2874 3590 maritima

788 3717 853 3780 (l)
879 3717 1116 3768 Bonauv.
1159 3714 1411 3765 Memoire
1440 3727 1532 3764 sur
1568 3713 1710 3764 l'etat
1739 3712 1803 3763 de
1831 3711 1883 3761 la
1920 3712 2122 3763 Franco
2162 3711 2195 3761 ὲ,
2229 3712 2468 3777 l'epoque
2492 3712 2565 3763 de
2596 3712 2872 3764 l'invasion

727 3780 819 3831 des
845 3777 1164 3830 Normands.
1185 3776 1348 3827 Acad.
1376 3777 1470 3828 des
1495 3775 1720 3839 Inscrip.
1754 3789 1834 3846 an·
1857 3773 1989 3846 l740.

787 3841 852 3904 (2)
872 3842 1142 3914 ‘anpmcn
1209 3839 1442 3950 {istoire
1494 3836 1952 3950 ἀεΧοΙῈξιρριῗὼῐὲοη
1980 3833 2090 3946 ldes
2130 3835 2513 3948 {13⁸{01i3mandslg32
2520 3840 2583 3948 gt
2642 3836 2706 3886 de
2755 3836 2872 3887 leur

724 3903 1875 4015 etalgiffizngfufflssgsiorgslrdzgusarrfsliffseen
1900 3911 2126 4009 Fvssangg‘
2153 3912 2493 4017 l'voffrliz'ssffi
2526 3937 2694 4018 baris,
2732 3961 2866 4011 1836.

787 4028 853 4090 (3)
882 4032 1137 4077 mmmmm.
1169 4027 1372 4076 Teulet.
1401 4025 1444 4080 Ι.
1471 4026 1546 4084 56,
1581 4026 1656 4075 58.

786 4091 852 4152 (4)
879 4089 1005 4139 BAL.
1034 4089 1076 4146 Ι,
1105 4089 1210 4138 377.
1243 4091 1342 4138 art.
1380 4088 1450 4139 14.

785 4153 851 4214 (5)
877 4152 1134 4202 Emmnn.
1162 4150 1364 4201 Teulet.
1399 4150 1440 4207 1,
1467 4150 1543 4200 51.

784 4215 851 4277 (6)
879 4213 1022 4265 Poet.
1056 4214 1177 4264 Sax.
1207 4212 1271 4270 V,
1301 4213 1406 4263 385.
1436 4212 1600 4270 Bono.
1631 4211 1692 4268 V,
1730 4210 1827 4260 179.

785 4277 851 4340 (7)
878 4275 1069 4326 Chron.
1099 4275 1344 4331 Moissac,
1379 4275 1542 4332 Bono.
1575 4274 1666 4331 VI,
1704 4273 1806 4325 171.

783 4339 849 4403 (8)
876 4338 982 4395 820,
1016 4338 1122 4388 828.
1155 4337 1410 4388 Emunxi).
1439 4337 1629 4387 Annal.
