3359 5142
806 740 965 805 „70-

344 892 576 974 longitudinem
598 892 728 973 ingente
743 894 850 956 labore
874 900 1075 955 constructus
1089 894 1151 954 luit
1169 910 1226 972 per
1240 892 1350 956 decem
1364 910 1423 956 an-

343 1012 399 1054 nos
415 1019 421 1052 :
440 992 561 1054 mirum
576 993 715 1069 proiecto
732 1009 820 1070 opus
839 992 866 1051 si
888 991 1006 1053 laboris
1020 992 1280 1066 immensitatem,
1299 992 1423 1052 instru-

343 1095 515 1168 mentaque
551 1088 736 1166 imperfecta
770 1087 960 1149 consideres.
987 1090 1123 1150 Pontem
1150 1107 1226 1150 vero
1250 1091 1307 1167 qui
1335 1092 1423 1152 velut

343 1195 460 1248 aeterno
475 1185 658 1246 commercii
672 1184 801 1246 vinculo
817 1183 1024 1245 Germaniam
1043 1191 1075 1245 et
1098 1185 1266 1247 Franciam
1287 1188 1424 1266 jungere

343 1283 486 1358 debebat,
505 1299 740 1358 annouuuoxnr,
758 1282 943 1342 incendium
958 1281 1102 1342 subitum
1125 1283 1226 1343 tribus
1240 1283 1329 1345 horis
1345 1285 1425 1346 adeo

345 1379 550 1458 conflagravit
567 1403 581 1434 ι
597 1385 634 1438 ut
655 1397 695 1440 ne
716 1378 842 1440 hastula
866 1379 998 1458 quidem
1012 1379 1052 1440 de
1076 1398 1113 1442 eo
1132 1381 1365 1441 remanserit.»
1392 1380 1425 1443 Si

345 1476 541 1540 credendum
570 1484 617 1537 est
645 1475 783 1537 Mariani
811 1476 972 1552 chronice,
1008 1477 1075 1555 ipse
1109 1477 1204 1557 jussit
1239 1477 1425 1540 incendium

345 1573 611 1652 hrchiepiscopus
636 1572 845 1650 Mogontinus
868 1572 1045 1648 Richollus
1077 1575 1154 1652 quia
1181 1573 1319 1636 latrones
1345 1592 1424 1636 noc-

346 1670 444 1745 turni,
463 1669 649 1730 hominibus
668 1669 702 1729 in
723 1669 877 1731 Rhenum
891 1671 1049 1750 projectis,
1075 1671 1215 1749 praedam
1230 1671 1265 1731 iu
1280 1689 1356 1732 eum
1372 1688 1424 1732 ra-

345 1767 484 1847 piebant.
502 1766 627 1839 Quanto
643 1766 758 1827 melius
779 1766 963 1828 mehercule
985 1768 1021 1842 si,
1040 1765 1216 1828 latronibus
1241 1767 1426 1829 disturbatis

346 1871 475 1943 pontem
489 1868 720 1924 conservasset!
739 1864 878 1924 Karolus
892 1870 1012 1938 autem,
1030 1881 1128 1942 quem
1142 1880 1206 1923 non
1222 1862 1339 1925 latebat
1358 1865 1423 1923 nti-

348 1961 430 2035 litas
456 1960 523 2019 imo
547 1959 715 2020 necessitas
736 1961 849 2036 operis,
873 1977 948 2020 eum
964 1978 1020 2036 pro
1037 1960 1143 2036 ligneo
1157 1959 1318 2038 lapideum
1338 1963 1427 2024 refici

347 2057 497 2118 decrevit.
515 2056 654 2132 Tempus
682 2062 789 2116 nutem
812 2056 924 2131 deluit,
941 2056 1124 2134 debilesque
1153 2058 1262 2133 magni
1285 2058 1425 2136 impera-

342 2153 424 2214 toris
439 2170 635 2213 successores
651 2169 669 2212 a
683 2152 736 2212 tali
760 2152 890 2213 consilio
906 2151 1107 2213 destiterunt.

389 2251 432 2332 (l)
455 2251 553 2311 Aliud
574 2251 752 2324 consilium,
778 2250 879 2328 grand
893 2250 1044 2330 profecto,
1070 2257 1220 2329 tantoque
1245 2270 1341 2329 regno
1363 2271 1424 2313 nou

347 2347 527 2425 indignum,
547 2346 650 2407 iuerat
666 2346 818 2407 Rhenum
834 2354 865 2407 et
881 2347 1078 2421 Danubium,
1089 2347 1233 2426 ,ideoque
1256 2368 1344 2411 mare
1366 2350 1426 2410 Ni-

347 2461 442 2523 grum
457 2448 487 2503 et
503 2440 668 2503 Oceanum
688 2443 833 2522 jungere,
852 2461 973 2522 perque
989 2443 1128 2508 mediam
1149 2447 1311 2525 Europam
1328 2447 1426 2509 veluti

348 2541 508 2620 publicam
516 2541 601 2601 viam
612 2541 733 2618 aperire
742 2542 867 2619 populis
877 2548 908 2602 et
916 2537 1176 2619 negotiatoribus
1189 2538 1284 2598 Auno
1295 2555 1426 2598 uccxcur

348 2638 540 2700 Radantiam
557 2655 628 2716 quae
642 2638 677 2698 in
698 2638 841 2698 Maenum
864 2646 895 2698 et
918 2638 1089 2698 Almonem
1105 2634 1160 2714 qui
1186 2636 1217 2694 in
1239 2634 1426 2695 Danubium

348 2734 562 2795 devolvuntur
576 2735 667 2812 quasi
682 2735 815 2796 miscere
829 2736 969 2796 decrevit
984 2734 1039 2814 (⁶3),
1058 2743 1098 2809 et,
1115 2740 1303 2811 congregata
1318 2731 1425 2793 homi-

348 2849 428 2891 num
457 2831 672 2906 multitudino,
700 2839 803 2893 totum
822 2839 948 2911 tempus
976 2833 1011 2892 in
1039 2850 1076 2893 eo
1098 2849 1192 2909 opere
1216 2828 1424 2906 consumpsit,

349 2927 427 2988 adeo
443 2933 479 2987 ut
497 2926 587 2988 brevi
602 2928 684 2988 lossu
698 2929 793 2989 ducta
814 2929 854 2988 sit
869 2929 1010 2988 duorum
1030 2928 1168 2988 millium
1183 2944 1337 3004 passuum
1359 2925 1429 2985 lou-

349 3025 502 3102 gitudine,
515 3025 680 3086 latitudine
696 3031 886 3086 tercentum
901 3025 995 3103 pedes
1005 3022 1060 3104 (3).
1079 3024 1141 3086 Sed
1150 3024 1268 3105 pluviae
1283 3025 1428 3102 ingentes

350 3123 480 3194 ineunte
495 3139 579 3182 anno
603 3129 766 3199 sequente,
791 3129 911 3182 terram
926 3139 998 3200 quae
1012 3120 1161 3198 palustris
1176 3125 1243 3181 erat
1260 3126 1345 3180 tanto
1363 3118 1427 3178 hu-

351 3238 439 3280 more
462 3218 659 3294 imbuerunt,
686 3225 722 3278 ut
746 3235 825 3296 opus
839 3218 1021 3296 ,inceptum
1039 3217 1209 3276 consistere
1234 3213 1426 3292 nequiverit.

352 3341 366 3371 r
391 3316 454 3378 Sed
483 3323 643 3394 quantum
666 3316 808 3377 interdiu
832 3322 924 3376 terrae
949 3334 967 3375 a
991 3312 1165 3374 fossoribus
1180 3320 1247 3373 erat
1272 3319 1425 3389 egestum,

353 3420 476 3474 tantum
502 3413 658 3486 noctibus
691 3411 792 3471 humo
818 3411 936 3471 iterum
957 3410 1129 3483 relabente,
1146 3409 1180 3468 in
1199 3425 1296 3468 suum
1323 3407 1429 3467 locum

350 3508 541 3571 subsidebat.
562 3534 574 3564 u
599 3511 642 3570 Ea
660 3516 768 3570 antem
794 3513 977 3584 tempestate
998 3505 1175 3567 Suionibus
1191 3510 1221 3565 et
1245 3502 1427 3564 Sarracenis

350 3624 481 3668 rursum
498 3605 732 3680 rebellantibus,
752 3621 879 3666 necesse
902 3603 964 3663 luit
987 3602 1125 3664 Karalus
1140 3600 1179 3661 ad
1194 3617 1285 3660 arma
1307 3607 1427 3672 rueret,¹

349 3702 413 3776 sed,
429 3708 463 3761 ut
480 3701 675 3762 voluntatem
700 3699 900 3761 manifestius
914 3698 1098 3772 declararet,
1121 3697 1294 3757 Almonem
1313 3695 1428 3755 adver-

350 3817 421 3859 sum
437 3798 565 3872 subivit,
584 3797 678 3874 pedes
687 3797 767 3857 ‚lecit
782 3797 843 3856 iter
857 3795 897 3856 ad
911 3794 1113 3867 Radautiam,
1132 3800 1162 3854 et
1177 3793 1251 3853 inde
1266 3791 1429 3853 descendit

348 3895 382 3954 in
399 3897 540 3956 lizenum
557 3895 613 3975 (4).
632 3895 721 3956 Bella
744 3900 853 3954 autem
872 3901 1034 3970 perpetua,
1062 3907 1347 3967 successorumque
1370 3888 1431 3949 dis-

383 4069 415 4130 (l)
429 4068 594 4118 Scumrrcru.
610 4069 736 4118 Mdmoiro
751 4081 798 4117 sur
807 4067 832 4116 la
845 4066 1011 4131 junctioudu
1023 4066 1135 4115 Danube
1149 4069 1177 4116 et
1187 4064 1223 4113 du
1236 4062 1308 4112 Rhiu
1320 4064 1430 4127 proJ'etd.

371 4131 608 4182 arCharleuraruc.
623 4133 670 4180 Ao.
679 4131 703 4179 d.
714 4131 826 4193 Inscrip.
839 4130 924 4179 nunde
940 4129 1006 4184 1753,
1022 4134 1039 4177 t.
1048 4143 1119 4183 xvur,
1134 4143 1160 4192 p.
1170 4129 1225 4177 ¹256.
1238 4153 1266 4161 -
1276 4125 1430 4175 Garamans.

352 4147 424 4244 Elisa.
439 4194 471 4243 de
487 4171 687 4265 ilburlemagne.
704 4194 724 4250 I,
738 4194 775 4242 8¹2.
897 4257 906 4264 ..

382 4258 415 4318 (i)
431 4256 515 4306 Hodie
529 4261 658 4306 vocantur
672 4256 761 4305 Rezat.
777 4281 807 4290 -
821 4253 950 4303 Altmuhl.
1353 4311 1357 4319 ¹

383 4320 415 4378 (3)
430 4319 558 4368 Ειιιιιιιιιι.
573 4319 669 4368 huual.
680 4319 733 4367 793.
745 4318 827 4374 Bouo.
843 4316 913 4378 Vlil
922 4316 939 4365 l.
951 4316 988 4365 Gt.
1000 4317 1095 4366 huual.
1105 4314 1179 4365 Fulrl.
1189 4313 1297 4366 Lorsclr.
1306 4311 1429 4361 Morosac.

347 4395 386 4430 an
401 4381 454 4430 793.
469 4409 497 4417 -
514 4380 577 4430 Poet
590 4380 687 4430 Saron.

384 4443 417 4506 (l)
431 4443 559 4494 Ειιιιιιιιι).
575 4443 695 4510 Bouquet
711 4441 742 4492 V.
756 4440 810 4492 211.
