3359 5142
936 673 946 695 .

243 755 402 825 mutetur,
419 749 507 810 haud
522 751 612 811 facile
634 749 764 830 quidem
779 749 886 810 dicere
901 763 973 825 quaa
989 743 1130 820 inerant,
1157 743 1321 824 regnanti-

248 846 307 907 bus
321 847 505 922 Karoliniis,
524 853 606 909 artes
620 847 661 908 ad
679 847 830 909 vestitum
845 845 1049 924 pertinentes.

293 946 385 1020 Quod
406 947 431 1006 si
447 952 555 1008 autem
571 963 642 1006 rara
657 945 861 1025 dispenseque
878 943 1069 1004 documenta
1083 941 1320 1018 investigemus,

248 1044 356 1122 populi
370 1043 502 1104 vestitus
515 1061 581 1102 non
596 1043 686 1103 nobis
701 1041 861 1102 videbitur
874 1037 1048 1100 abhorrere
1062 1037 1203 1099 multum
1216 1054 1236 1097 a
1248 1052 1321 1097 ves-

249 1141 309 1202 titu
323 1140 534 1218 agricolarum
549 1138 714 1202 Gallorum
729 1139 788 1199 sub
804 1137 935 1212 Caesare,
953 1142 1010 1197 aut
1030 1153 1049 1196 a
1064 1134 1180 1195 vestitu
1194 1139 1321 1193 nostro-

247 1253 331 1294 rum.
349 1236 472 1313 Nempe
494 1235 528 1294 111
542 1234 662 1295 braccis
676 1234 827 1309 consistit,
839 1233 959 1313 quibus
980 1232 1196 1293 induebantur
1216 1247 1317 1306 crura,

247 1333 346 1411 inque
360 1332 474 1407 casula,
494 1349 566 1410 quae
577 1348 691 1408 corpus
704 1330 838 1408 tegebat.
856 1331 959 1408 Super
974 1328 1116 1392 casulam
1129 1334 1196 1388 erat
1209 1343 1323 1403 sagum

247 1446 263 1489 e
279 1446 383 1507 panno
400 1428 504 1490 tenuis
519 1433 574 1487 aut
596 1427 702 1504 spissae
716 1433 860 1501 texturae,
879 1420 1039 1505 variisque
1054 1423 1224 1486 coloribus.
1240 1421 1322 1496 Qui-

247 1524 306 1585 bus
320 1543 396 1585 vero
411 1525 443 1584 in
458 1524 535 1585 locis
549 1523 782 1584 fabricarentur
796 1523 912 1584 casulae
926 1529 957 1584 et
970 1540 1044 1600 saga
1057 1521 1228 1582 incertum.

287 1622 401 1683 Franci
418 1629 533 1692 tamen,
552 1622 699 1698 quamvis
713 1622 748 1682 in
764 1622 853 1682 omni
867 1622 955 1682 victu
978 1640 1046 1682 sese
1067 1620 1231 1682 Gallorum
1252 1634 1323 1677 mo-

247 1719 336 1779 ribus
371 1718 709 1793 accommodavissent,
741 1737 813 1780 suas
842 1720 985 1798 proprias
1019 1734 1184 1779 servavere
1222 1721 1323 1776 vestes

222 1823 226 1830 '
248 1816 406 1893 usquead
428 1823 551 1892 tempus
566 1821 748 1876 sanctorum
763 1815 797 1874 in
821 1815 1010 1877 Sarracenos
1033 1815 1206 1876 bellorum.
1236 1814 1322 1887 Quas

246 1919 359 1986 vestes,
385 1912 476 1972 nobis
498 1911 531 1972 in
556 1917 712 1971 aternum
730 1929 791 1988 ,per
811 1912 1006 1973 colummam
1028 1913 1196 1993 Trajanam
1219 1918 1318 1976 notas

245 2007 289 2070 ita
303 2009 451 2070 describit
466 2007 643 2069 monachus
658 2008 871 2086 sangallensis
886 2008 941 2087 (1).
961 2035 975 2064 r
992 2009 1211 2071 Calceamenta
1225 2009 1322 2072 forin-

246 2125 336 2168 secus
350 2115 471 2182 aurata,
489 2106 633 2183 corrigiis
651 2106 1067 2184 tricubitalibusinsignita,
1086 2106 1221 2167 fasciolae
1245 2105 1322 2166 orni

202 2247 203 2250 η
245 2204 326 2264 rales
341 2205 566 2278 vermiculatae,
588 2211 619 2264 et
634 2204 747 2264 subtus
761 2222 813 2265 eas
828 2204 949 2265 tibialia
964 2203 1014 2264 vel
1030 2204 1150 2264 coxalia
1163 2204 1262 2264 linea.

245 2300 397 2360 ultimum
413 2300 542 2362 babitus
564 2307 632 2361 erat
652 2302 785 2378 pellium
809 2318 925 2362 canum
945 2301 995 2362 vel
1017 2301 1218 2379 saphirinum
1239 2319 1320 2380 qua-

245 2397 438 2474 drangulum
467 2398 594 2475 duplex,
624 2399 670 2459 sio
697 2398 887 2472 formatum,
919 2405 969 2471 ut,
1000 2416 1075 2458 cum
1103 2398 1323 2475 imponeretur

245 2493 399 2568 humeris,
417 2502 535 2556 anteat
552 2505 638 2558 retro
653 2497 747 2576 pedes
764 2504 917 2575 tangeret.
936 2521 949 2551 a
967 2495 1067 2578 Cujus
1080 2497 1174 2574 patrii
1190 2497 1322 2557 vestitus

245 2590 288 2651 ita
303 2592 463 2652 studiosus
473 2600 540 2654 erat
555 2594 693 2654 Karolns
708 2594 844 2672 Magnus
859 2601 895 2653 ut
909 2593 1027 2654 rideret
1041 2611 1187 2672 proceres
1200 2611 1319 2671 purpu-

244 2690 320 2750 ratis
334 2699 390 2751 aut
404 2691 510 2751 sericis
525 2691 654 2752 indutos
670 2692 820 2752 vestibus
838 2691 900 2753 Sed
919 2691 1081 2752 interdum
1104 2708 1231 2750 necesse
1253 2697 1320 2751 erat

243 2785 447 2864 imperatoria
476 2787 626 2848 indueret
648 2795 844 2862 ornamenta,
870 2788 998 2865 qnando
1021 2785 1159 2846 Romam
1183 2786 1318 2862 petebat,

243 2889 299 2942 aut
313 2881 431 2959 legatos
445 2881 584 2942 aliorum
595 2881 786 2960 populorum
801 2883 975 2960 excipiebat
998 2882 1057 2961 (⁶2).

283 2978 376 3051 Quod
390 2978 416 3037 si
431 2983 539 3040 autem
565 2996 637 3040 raro
657 2996 763 3056 neque
785 2985 896 3056 sponte
919 2980 964 3040 ita
986 2979 1118 3040 vestitus
1139 2977 1316 3054 incedebat,

242 3094 305 3136 non
321 3076 365 3136 ita
379 3093 508 3153 prorsus
522 3076 591 3155 ejus
604 3076 670 3136 nati
693 3092 904 3156 proceresque
918 3076 1171 3153 dedignabantur
1191 3076 1319 3153 elegan-

245 3173 294 3233 tiae
316 3172 515 3234 subtilitates.
541 3171 657 3248 Lepide
681 3172 823 3232 narravit
845 3172 1022 3234 monachus
1049 3171 1260 3249 Sangallensis
1285 3181 1320 3233 ut

242 3270 357 3330 sericas
381 3288 494 3331 eorum
521 3275 622 3332 restes
643 3270 818 3348 taeniasque
842 3270 990 3332 delicatas
1011 3269 1119 3347 pluvia
1140 3278 1319 3348 ventusque

242 3367 428 3444 corruperit.
446 3367 520 3428 Suis
541 3383 670 3445 quoque
685 3365 811 3427 filiabus
825 3366 992 3444 indulgere
1007 3365 1128 3439 debuit,
1149 3383 1221 3442 quae
1234 3366 1318 3427 lere-

241 3461 317 3522 bant
332 3481 419 3524 nunc
430 3463 637 3541 ferrugineas,
655 3481 742 3525 nunc
757 3464 858 3524 luteas
873 3471 984 3537 vestae,
998 3481 1084 3523 nnnc
1098 3462 1240 3540 strophia
1252 3463 1318 3524 lac-

243 3559 323 3620 teola
337 3560 499 3638 rubroque
516 3567 546 3620 et
560 3559 752 3621 melocineos
774 3560 911 3620 amictus
926 3571 957 3621 et
975 3560 1135 3621 velamina
1148 3561 1318 3638 purpureis

185 3648 187 3656 ’
240 3655 302 3715 iilis
332 3654 387 3735 (3).
414 3656 507 3717 Unde
523 3674 599 3718 vero
625 3663 668 3717 tot
691 3658 832 3735 talesque
856 3659 1003 3720 veriireut
1023 3668 1124 3720 vestes
1145 3660 1315 3723 incertum.

242 3749 491 3825 Pretiosissimae,
517 3759 553 3812 ut
573 3752 708 3826 videtur,
731 3770 748 3813 e
770 3754 992 3814 remotissimis
1013 3755 1151 3816 Orientis
1175 3756 1316 3833 regioni-

240 3845 310 3921 buS,
328 3849 438 3908 multae
453 3850 549 3911 etiam
565 3869 603 3911 ex
619 3852 687 3930 ipsa
702 3854 852 3914 Francia:
871 3854 956 3916 lllud
967 3857 1063 3917 etiam
1077 3856 1265 3929 notandum,
1279 3874 1317 3916 ex

240 3945 327 4004 omni
354 3953 493 4024 ternpore
522 3948 665 4024 lloruisse
689 3959 790 4013 artem
813 3952 967 4030 tingendi.
991 3953 1082 4031 Soepe
1110 3953 1143 4014 iu
1166 3953 1316 4031 capitula·

367 4151 372 4163 v
475 4139 488 4170 ‘l

270 4136 303 4324 tl
317 4136 513 4320 ttllt
526 4201 1083 4326 enarraeierat-‚tr-
