3359 5142
722 539 885 614 ,455-

258 695 326 757 sine
342 695 471 756 tributo.
491 695 560 756 lmo
576 695 739 758 interdum
754 698 839 759 lunis
855 699 941 760 viam
958 699 1090 777 rumpit,
1109 708 1150 774 et,
1169 710 1205 761 ut
1219 721 1343 782 pergas

258 812 372 854 rursus
395 792 554 870 expendes
581 791 747 867 tributum,
772 794 923 871 quamvis
950 794 1066 856 dixerit
1095 795 1234 858 Karolus
1252 799 1344 876 Mag-

260 908 321 950 nus
336 889 397 969 (l):
420 913 433 944 v
451 889 543 951 Nova
557 896 588 951 et
603 887 723 968 injusta
736 889 870 964 telonea,
884 889 940 950 nbi
955 890 1003 951 vel
1018 890 1112 951 funes
1126 893 1341 955 tenduntur...

257 1005 313 1049 seu
328 985 379 1046 his
400 985 518 1046 similia
545 985 580 1046 in
603 985 721 1065 quibus
740 987 868 1047 nullum
893 986 1092 1066 adjutorium
1116 989 1344 1052 itinerantibus

258 1089 437 1162 prestatur,
457 1102 522 1144 non
537 1083 716 1162 erigantur.
736 1106 749 1137 »

206 1199 208 1204 ·
300 1180 360 1240 Via
370 1180 498 1241 taudem
513 1180 613 1241 libera
628 1179 781 1258 aperitur.
800 1178 856 1240 Nil
867 1179 934 1258 jam
956 1178 1058 1244 obstat
1081 1182 1258 1260 quonrinus
1273 1184 1343 1246 via-

258 1285 316 1354 tor,
336 1279 448 1340 viatico
463 1285 494 1340 et
510 1279 653 1358 passagio
677 1285 708 1340 et
731 1278 891 1356 pontatico
906 1277 1068 1354 exsolutis
1092 1281 1153 1341 iter
1176 1281 1342 1359 reliquum

258 1376 414 1438 conficiat.
432 1378 481 1438 lta
495 1377 641 1456 quidem.
659 1377 722 1439 Sed
738 1377 870 1455 plaustri
889 1383 964 1436 rote
979 1376 1112 1456 vestigia
1132 1377 1183 1437 sui
1206 1377 1342 1456 impres-

258 1492 327 1535 sere
339 1495 345 1548 ς
357 1473 418 1536 'sed
433 1475 539 1552 pulvis
562 1473 715 1536 excitatus
738 1474 822 1534 fuit:
842 1473 1016 1534 Tributum
1035 1473 1134 1551 igitur
1154 1491 1211 1552 pro
1225 1472 1343 1534 damno

217 1599 219 1604 ¹
257 1571 344 1650 quod
354 1572 387 1632 in
398 1572 457 1632 viis
471 1571 728 1650 mansuefacere
743 1571 854 1643 solent,
865 1570 1035 1630 rotaticum
1050 1570 1180 1644 scilicet,
1198 1575 1229 1630 et
1242 1570 1342 1631 tribu-

260 1676 327 1730 tum
352 1687 410 1748 pro
432 1669 563 1748 pulvere
586 1675 791 1746 comportato,
810 1668 1044 1744 pulveraticum
1069 1666 1197 1740 scilieet,
1224 1666 1339 1745 exigat.

259 1765 307 1825 Ne
322 1764 431 1826 eredas
458 1765 647 1843 capitularia
666 1764 734 1824 haec
759 1763 915 1824 exstitisse
930 1781 1002 1824 rara
1018 1789 1025 1824 :
1044 1763 1232 1841 capitularia
1255 1764 1340 1824 enim

255 1861 384 1941 'semper
399 1869 591 1926 enumerant
606 1862 777 1923 rotaticum
792 1869 823 1922 et
837 1860 1073 1938 pulveraticum
1088 1878 1152 1920 una
1177 1879 1253 1921 cum
1272 1861 1342 1921 aliis

259 1959 390 2022 teloneis
400 1959 444 2038 (⁸2)
455 1960 533 2020 adeo
544 1965 580 2020 ut
595 1959 653 2037 ipsi
665 1976 754 2035 reges
768 1975 832 2018 non
848 1957 943 2018 modo
954 1975 992 2018 ea
1004 1957 1149 2029 tolerent,
1162 1957 1216 2018 sed
1231 1957 1358 2032 etiam,'

260 2058 389 2136 quando
409 2057 649 2118 immunitatem
673 2057 730 2117 uni
754 2055 886 2116 alterive
910 2055 1098 2126 concedunt,
1123 2055 1304 2117 immunem
1323 2075 1342 2116 a
1389 2104 1396 2115 .

261 2156 392 2217 rotatico
408 2162 438 2216 et
452 2153 629 2233 pulveratio
644 2172 720 2215 eum
735 2171 861 2231 semper
876 2152 920 2231 (3)
935 2153 1106 2215 declarant.

299 2254 376 2315 Haec
391 2259 499 2314 autem
515 2270 579 2313 non
597 2251 693 2312 satis:
712 2253 837 2330 Nempe
859 2250 962 2312 viamr
975 2251 1194 2329 cespitaticum
1211 2271 1342 2333 quoque

257 2341 396 2412 exsolvet
417 2368 473 2429 pro
489 2349 540 2410 via
554 2349 725 2430 cespitibus
737 2347 922 2422 munienda,
940 2355 971 2409 et
985 2349 1129 2411 avariam
1143 2369 1200 2429 pro
1214 2350 1341 2411 damnis

258 2448 456 2526 reparandis
486 2447 788 2510 extraordinariisve
812 2445 994 2523 sumptibus
1017 2447 1233 2524 providendis.
1254 2449 1341 2509 Tan-

256 2545 332 2608 dem
354 2545 499 2624 perveuit
528 2545 640 2618 viator,
668 2562 735 2605 non
756 2549 866 2604 autem
889 2543 1133 2608 omniuo-liber.
1157 2546 1340 2625 Appropin-

258 2651 358 2721 quant
372 2643 459 2704 enim
474 2643 641 2704 telonearii
656 2643 712 2722 qui
729 2640 932 2702 salutaticum
949 2641 1032 2702 ultra
1046 2641 1185 2704 debitam
1201 2644 1340 2722 pensita-

257 2747 322 2802 tem
338 2758 395 2819 pro
410 2740 533 2801 domini
547 2739 679 2814 honore,
698 2745 884 2800 curaturam
903 2757 942 2799 ex
956 2739 1119 2800 mercibus
1138 2741 1170 2801 in
1188 2741 1342 2802 nundinis

257 2837 423 2911 distractis,
443 2837 650 2899 modiaticum
665 2843 696 2897 et
706 2836 962 2897 mensuraticum
977 2845 1008 2896 et
1022 2837 1265 2914 ponderaticum
1281 2839 1340 2900 sibi

258 2935 421 2996 vindicant
435 2940 467 2995 et
482 2935 623 3012 exigunt.
642 2934 701 2994 His
715 2933 843 2994 tandem
860 2933 1096 2994 conditionibus
1111 2936 1246 3013 peractis
1260 2936 1342 2997 liber

258 3033 328 3108 erit,
345 3033 407 3093 nisi
422 3032 511 3110 prius
526 3031 617 3093 bonis
632 3031 793 3109 spoliatus
812 3037 844 3091 et
858 3030 1022 3092 interdum
1039 3031 1184 3094 libertate
1199 3034 1341 3111 privatus

257 3139 366 3200 inerit.
453 3141 458 3148 '

298 3237 396 3297 Erant
412 3243 517 3296 tamen
532 3234 745 3313 negotiatores
759 3234 816 3312 qui
831 3235 1063 3296 commercium
1078 3253 1234 3313 exercere,
1252 3255 1340 3298 nun-

257 3332 413 3412 dinasque
427 3339 459 3394 et
474 3337 633 3393 mercatus
647 3338 753 3409 petere
769 3331 938 3392 auderent.

289 3516 321 3577 (l)
336 3517 448 3566 Bacuza.
465 3516 485 3572 Ι,
503 3516 553 3572 tab,
567 3528 625 3579 cap.
641 3515 742 3576 trano),
761 3517 794 3565 13.

289 3579 321 3640 (¹2)
336 3579 447 3628 Bmuza.
465 3579 484 3632 Ι,
501 3578 553 3632 40¹2.
569 3589 600 3625 ca
611 3592 627 3627 ι.
643 3579 656 3626 5
670 3578 742 3638 (80:r.
755 3579 794 3628 it.
810 3606 838 3614 -
854 3578 874 3626 l.
897 3577 947 3630 l02.
962 3593 1019 3642 cup.
1035 3580 1049 3628 o
1069 3579 1140 3641 (803).
1157 3582 1181 3630 6.
1198 3608 1225 3616 -
1244 3578 1263 3628 l.
1284 3578 1337 3635 lit,

257 3654 315 3704 cap.
330 3641 345 3689 a
360 3641 433 3702 (ms),
452 3640 590 3690 13.-1.t
615 3641 630 3696 ·,
647 3653 705 3704 cap.
724 3626 731 3688 l
750 3641 820 3700 (soe).
839 3640 875 3689 ro.

288 3705 320 3763 (t)
334 3702 456 3753 Cinorus.
472 3717 515 3768 op.
525 3703 569 3752 cit.
582 3702 731 3752 rototicurn.
746 3703 949 3768 pulveraticum.
