3359 5142
630 801 928 980 INDEX

703 1067 848 1076 -η-σ-ι

304 1257 308 1268 ’
343 1250 581 1315 PROEMIUM.

341 1419 450 1481 PARS
472 1419 621 1482 PRIMA.
641 1456 681 1465 —
701 1425 772 1481 Be
793 1423 1171 1498 negotiatoribus.

418 1569 523 1632 cipue
546 1570 572 1630 I.
597 1605 634 1616 —
661 1573 699 1630 De
722 1572 954 1647 tteyotiatom'bus
973 1571 1132 1647 indiqenis.

1294 1567 1312 1628 7

338 1720 437 1797 Leges
451 1719 667 1781 ecclesiasticae
683 1719 722 1782 de
736 1719 938 1782 commercio.
1293 1716 1311 1778 7

337 1815 385 1878 De
400 1816 505 1878 vetitis
519 1816 729 1878 commerciis.
1293 1813 1311 1874 8

339 1912 552 1991 Hospitalitas
1125 1909 1130 1916 ’
1292 1910 1312 1974 9

337 2009 384 2073 De
400 2010 559 2072 mensuris
573 2017 604 2072 et
618 2010 764 2072 monetis,
1275 2006 1313 2069 10

428 2221 533 2284 Cipus
557 2223 599 2283 ΙΙ.
616 2258 655 2267 -
676 2225 714 2282 De
737 2223 967 2299 neyotiatoritus
989 2223 1109 2282 iudeis.
1275 2220 1310 2281 14

335 2377 382 2439 De
408 2377 428 2439 J
434 2377 600 2439 udaeorum
630 2377 749 2439 divitiis
772 2376 979 2455 regnantibus
994 2376 1112 2438 Karolo
1135 2376 1251 2453 Magno

393 2473 599 2554 ethudovico
619 2475 689 2536 Pie.
1275 2474 1309 2535 14

335 2579 383 2641 De
401 2580 570 2658 Agebardo
584 2580 831 2660 archiepiscopo.
1274 2578 1310 2641 16

332 2676 381 2738 De
399 2678 419 2740 J
422 2678 588 2740 udaeorum
603 2678 740 2740 miseriis
754 2685 823 2757 post
838 2679 993 2741 Karolum
1004 2677 1148 2740 Calvum.
1275 2676 1308 2738 17

333 2774 433 2854 Leges
447 2775 480 2836 in
494 2775 637 2838 Judaeos.
1273 2772 1308 2835 18

232 2959 340 3022 Ceius
355 2962 415 3023 III.
426 2966 512 3023 -De
529 2963 820 3040 inseetiaten'busseu
831 2963 987 3023 eFrancia
1000 2962 1034 3020 in
1049 2974 1163 3022 exteras
1179 2962 1309 3037 reqienes

330 3087 380 3128 seu
397 3087 432 3129 ee
447 3070 555 3130 esteris
569 3069 738 3145 temonibus
753 3070 783 3126 in
801 3069 967 3130 Franciam
978 3053 1179 3144 perdentibus.
1269 3065 1308 3130 90

331 3214 513 3278 Consularis
527 3217 695 3278 institutio.
1115 3199 1119 3207 ¹
1268 3215 1308 3278 20

332 3313 379 3374 De
400 3313 532 3376 advenis
560 3315 813 3392 negotiatoribus
835 3315 972 3392 benigne
994 3331 1050 3392 per
1080 3313 1247 3376 Franciem

390 3413 536 3490 exceptis,
868 3453 873 3460 -
1267 3410 1306 3474 22

331 3509 378 3570 De
388 3508 462 3588 jure
477 3510 636 3588 naufragii
652 3517 682 3572 et
697 3511 736 3572 de
748 3511 821 3591 jure
836 3510 1005 3588 albenagii«
1266 3509 1305 3574 23

602 3730 712 3792 PARS
739 3729 937 3793 SECUNDA

229 3891 300 3947 ne
320 3893 462 3947 rebus
485 3906 601 3961 quas
624 3894 953 3949 mercabantur
976 3892 1303 3966 negotiatores.

487 4037 592 4100 cipum
615 4038 641 4098 I.
661 4073 701 4082 —
723 4039 760 4098 De
779 4040 932 4115 fructibus
950 4049 1042 4098 terre.
1264 4037 1303 4100 25

330 4144 460 4222 Fruges.
1263 4143 1302 4206 ‘25

330 4241 512 4303 Fructiierae
525 4242 653 4303 arbores
667 4246 699 4302 et
713 4241 872 4320 praeeipue
886 4241 970 4304 vitis.
1263 4239 1302 4302 26
