3359 5142
1220 739 1620 860 PROE
1643 741 2093 863 MIUM

656 1459 782 1519 Pro
828 1458 1245 1520 Ambianensi
1287 1455 1652 1532 Academia,
1697 1473 1866 1517 anno
1906 1474 2201 1533 nnccmn,
2249 1455 2443 1518 abbas
2492 1454 2736 1516 Carlier

574 1555 905 1634 scripserat
933 1554 1442 1617 dissertationem
1473 1554 1551 1615 de
1580 1553 1965 1615 commercio
2010 1553 2295 1615 Franciae
2323 1551 2737 1631 regnantibus

567 1653 909 1714 Merovaeis
937 1660 998 1714 et-
1028 1653 1371 1715 KaroliniS.
1414 1653 1598 1713 Hanc
1627 1657 1845 1712 autem
1884 1651 2220 1713 materiam
2251 1669 2458 1730 quum
2486 1649 2729 1729 primis»,

576 1756 649 1811 ut
696 1750 785 1811 ita
813 1750 1042 1827 dicam,
1080 1750 1296 1828 digitis
1326 1749 1652 1827 attigisset,
1692 1766 2028 1827 quumque
2071 1747 2194 1810 alia
2239 1754 2416 1826 parte
2456 1765 2562 1808 me
2607 1765 2733 1808 non

574 1848 798 1909 lateret
824 1848 1170 1908 nonnullos
1216 1847 1487 1909 evasisse
1530 1853 1746 1906 nostra
1793 1852 2185 1924 tempestate.
2237 1847 2351 1926 qui
2392 1845 2735 1907 Karolino-

574 1963 724 2006 rum
773 1945 985 2023 regnis
1027 1961 1436 2023 summopere
1480 1942 1863 2018 studuerint,
1918 1941 2082 2003 mihi
2128 1943 2193 2003 in
2240 1948 2526 2005 mentem
2564 1942 2739 2004 venit

573 2042 841 2104 alteram
889 2042 1349 2104 dissertationis
1397 2047 1645 2120 partem
1688 2040 1767 2102 de
1812 2040 2059 2119 integro
2107 2047 2375 2103 tractare
2400 2085 2417 2114 ,
2468 2045 2532 2101 et
2571 2039 2731 2117 hoc,

575 2140 1251 2219 quantulumcumque
1279 2140 1379 2214 sit,
1415 2138 1800 2218 opusculum
1827 2136 2008 2199 libris
2038 2138 2400 2200 recentibus
2428 2138 2507 2200 de
2539 2140 2736 2200 Karo-

573 2237 724 2298 linis
751 2236 1006 2298 addere.

656 2335 983 2397 Hactenus
1012 2335 1186 2395 enim
1217 2333 1634 2395 historiarum
1665 2333 2001 2412 scriptores
2041 2333 2109 2395 id
2157 2339 2408 2394 tantum
2436 2331 2558 2393 sibi
2585 2350 2736 2411 pro-

574 2439 934 2511 posuerant,
971 2438 1044 2492 ut
1087 2450 1188 2493 res
1233 2431 1561 2506 militareS,
1597 2439 1711 2492 aut
1753 2431 2017 2504 litteraS,
2066 2430 2406 2508 civiliaque
2449 2429 2739 2491 instituta

574 2547 688 2608 per
730 2529 852 2591 hoc
901 2536 1152 2607 tempus
1198 2528 1384 2606 quasi
1433 2528 1829 2590 renascentia
1873 2527 2307 2590 describerent
2348 2552 2362 2587 ε
2405 2526 2739 2605 Quidquid

576 2645 725 2689 vero
755 2633 994 2706 spectat
1021 2626 1102 2687 ad
1119 2632 1366 2687 naturae
1381 2625 1547 2687 dona
1565 2624 1909 2686 hominum
1931 2624 2248 2686 industria
2273 2630 2468 2702 atque
2488 2623 2734 2685 artibus

574 2725 639 2785 in
685 2725 895 2786 varios
939 2743 1097 2785 usus
1136 2741 1460 2798 conversa,
1513 2723 1746 2785 deinde
1782 2741 1896 2801 per
1943 2722 2366 2800 negotiatores
2409 2721 2539 2784 huc
2585 2721 2738 2784 illuc

573 2822 798 2897 delata,
834 2822 1099 2884 omnino
1128 2821 1492 2900 neglectum
1521 2829 1678 2883 erat.
1712 2821 1925 2895 Quare
1956 2838 2083 2881 non
2115 2819 2343 2881 inutile
2372 2818 2730 2894 videbat-ur,

575 2938 771 3000 quam
801 2919 966 2981 mihi
995 2919 1392 2998 provinciam
1423 2919 1687 2997 sumpsi,
1724 2935 2104 2980 enumerare
2134 2925 2196 2979 et
2225 2917 2463 2996 quibus
2489 2915 2737 2995 legibus

576 3024 913 3079 uterentur
958 3017 1379 3095 negotiatores
1403 3064 1417 3091 ,
1490 3022 1552 3077 et
1608 3033 1769 3093 quas
1829 3033 2074 3077 merces
2131 3022 2244 3075 aut
2288 3018 2573 3075 emerent
2626 3020 2738 3072 aut

575 3115 1063 3190 venumdarent,
1098 3120 1161 3176 et
1189 3132 1334 3193 quae
1360 3114 1426 3175 in
1455 3113 1593 3175 loca
1618 3112 2024 3191 potissimum
2054 3111 2395 3173 convenire
2426 3109 2725 3172 solerent.

576 3213 845 3274 Librum
865 3212 1062 3290 igitur
1080 3211 1256 3274 hunc
1275 3210 1638 3289 conscripsi,
1661 3209 1731 3271 in
1756 3216 1880 3272 tres
1896 3215 2106 3288 partes
2124 3207 2424 3282 divisum,
2452 3223 2732 3285 quarum

579 3329 707 3373 una
732 3310 1037 3390 spectabit
1064 3309 1146 3371 ad
1173 3311 1465 3385 homines,
1498 3308 1696 3370 altera
1722 3308 1803 3369 ad
1830 3326 1941 3384 res,
1979 3307 2163 3368 tertia
2190 3305 2271 3368 ad
2302 3307 2586 3384 reqiones.
