3359 5142
696 577 856 644 ,31-

247 732 329 810 regis
343 730 515 807 ministros,
527 731 611 809 leges
625 748 689 808 que
703 730 856 791 mulctam
865 729 1046 806 irrogabant
1055 727 1084 790 ei
1094 727 1151 806 qni
1166 733 1312 806 rapuerat

241 830 404 908 accipitres
418 836 474 890 ant
489 845 617 908 sparvus
631 827 687 908 (1).

281 929 344 989 Lex
359 944 487 1005 qunque
501 925 684 1005 protegebat
697 943 781 1004 apes.
802 950 815 982 r
832 925 867 987 si
882 925 955 1004 quis
969 923 1077 1002 apium
1088 922 1212 984 deintra
1226 924 1313 987 clave

242 1032 298 1090 aut
312 1025 371 1086 sub
386 1031 467 1086 tecto
481 1023 644 1099 iuraverit,
669 1024 756 1086 mille
781 1023 969 1102 octingentis
988 1021 1125 1084 denariis
1149 1021 1313 1099 culpabilis

240 1121 411 1204 judicetur,
429 1128 558 1199 excepto
572 1121 702 1199 capitale
717 1127 749 1182 et
762 1120 906 1182 delatura
921 1119 978 1201 (8).
997 1144 1011 1174 »

284 1218 367 1281 Sunt
381 1236 510 1297 quoque
525 1218 735 1280 enumerandi
750 1236 843 1280 cauas
864 1219 948 1279 inter
968 1217 1118 1278 animalia
1138 1216 1176 1278 de
1198 1218 1315 1296 quibus

243 1317 338 1379 fiebat
352 1318 591 1379 commercium.
609 1316 732 1379 Canum
748 1317 834 1379 enim
849 1335 950 1395 genus
966 1317 1053 1378 ferox
1075 1315 1228 1390 alebatur,
1256 1317 1313 1394 qui

245 1432 337 1494 apros
365 1433 519 1495 ursosque
546 1415 757 1491 lacessebant,
788 1431 915 1493 eosque.
932 1413 1096 1475 interdum
1130 1413 1311 1474 vincebant.

245 1513 457 1591 Sangallensis
471 1513 647 1576 monachus
663 1510 706 1592 (3)
722 1520 829 1574 narrat
839 1530 932 1575 canes
946 1511 1079 1592 hujusce
1089 1511 1222 1589 generis,
1237 1529 1316 1589 qnos

245 1611 383 1673 Karolus
403 1611 510 1672 Aaron
525 1610 592 1688 regi
607 1612 779 1672 Persarum
801 1610 884 1671 dono
904 1610 1042 1687 dederat,
1060 1611 1163 1689 primo
1185 1610 1262 1671 viles
1283 1614 1314 1669 et

247 1708 400 1786 ignobiles
415 1708 534 1783 ductos
552 1724 626 1768 mox
649 1707 893 1769 admirationem
907 1707 940 1768 in
964 1727 997 1769 se
1019 1708 1219 1781 convertisse,
1237 1724 1317 1784 pug-

246 1806 351 1868 nando
366 1805 487 1866 sortiter
501 1823 576 1866 curn
589 1805 742 1880 leonibus,
761 1822 877 1884 eosque
892 1805 1056 1867 vincendo
1073 1805 1202 1867 Talibus
1217 1803 1317 1865 fiden-

250 1909 297 1964 tes
311 1902 503 1964 animalibus
516 1903 688 1979 imperator
703 1902 836 1982 ejusque
852 1901 910 1962 filii
926 1920 993 1964 sese
1014 1921 1070 1981 per
1084 1902 1178 1963 silvas
1193 1901 1317 1962 immit-

251 2006 316 2060 tere
337 2016 476 2077 cumque
497 1999 571 2060 loris
594 1999 706 2060 collato
728 1998 807 2078 pede
828 1999 978 2060 dimicare
1005 1999 1165 2061 audebant
1179 1997 1234 2077 (1).
1251 1995 1317 2058 Alii

250 2112 389 2174 quoque,
406 2096 515 2157 minus
539 2095 670 2170 robusti,
701 2095 757 2156 sed
780 2096 899 2175 pariter
919 2096 953 2156 in
974 2085 1096 2156 bonore
1117 2095 1227 2170 habiti,
1254 2111 1319 2154 non

247 2193 376 2255 deerant
391 2211 492 2268 cauea,
504 2193 602 2254 velter
616 2193 788 2272 leporarius
804 2193 958 2267 videlicet,
974 2193 1066 2273 cujus
1079 2193 1252 2270 agilitatem
1266 2193 1316 2252 lex

247 2289 348 2352 Salica
362 2290 490 2351 extollit.
507 2289 585 2363 Quae
600 2289 730 2368 quidem
745 2297 901 2351 testantur
915 2307 934 2351 a
948 2290 1076 2350 Francis
1089 2308 1154 2352 non
1169 2289 1319 2366 dedigna-

249 2395 313 2450 tam
328 2387 425 2449 lnisse
440 2394 540 2449 artem
556 2388 692 2449 venandi
709 2388 764 2467 (5).

684 2593 723 2652 lle
744 2593 885 2668 piscibus,

291 2765 578 2826 Vernmenimvero
601 2771 674 2827 ante
695 2765 772 2827 alias
800 2772 883 2827 artes
906 2784 958 2827 ars
986 2765 1154 2844 piscatoria
1172 2766 1321 2828 tuncsso-

253 2862 354 2923 ruisse
381 2862 508 2924 videtur
531 2879 595 2923 non
616 2861 711 2923 modo
735 2880 792 2939 per
817 2863 920 2924 maria
941 2863 995 2924 sed
1014 2862 1111 2924 etiam
1130 2880 1186 2940 per
1209 2863 1323 2925 tlnvios

252 2957 413 3036 lacusque.
432 2957 614 3021 Omittenda
635 2977 765 3038 prorsus
785 2960 903 3020 AEliani
918 2959 1035 3034 sabula,
1058 2977 1122 3038 qua
1140 2958 1234 3021 Cella
1257 2961 1324 3020 suis

254 3055 346 3134 equis
366 3055 441 3116 dare
462 3057 561 3134 pisces
577 3074 633 3134 pro
648 3056 805 3118 alimentis
820 3057 982 3118 dicuntur.
999 3057 1037 3118 ld
1053 3064 1158 3118 tamen
1172 3058 1323 3118 manifes-

253 3159 322 3213 tum
336 3159 473 3231 apparet,
491 3152 628 3215 Galliam
643 3171 680 3214 ex
702 3153 787 3214 omni
812 3160 952 3231 tempore
973 3161 1100 3232 propter
1120 3154 1221 3233 pisces
1243 3155 1323 3215 deli-

254 3256 338 3310 catos
352 3249 501 3311 claruisse
516 3247 571 3329 (6).
589 3250 787 3311 Documento
801 3251 865 3311 sint
878 3251 997 3311 thunni
1012 3250 1051 3312 ab
1074 3249 1226 3329 Oppiairo,
1243 3251 1325 3312 muli

254 3346 374 3408 Laterae
388 3365 484 3425 prope
503 3347 702 3409 Nemausum
718 3365 737 3409 a
751 3348 857 3409 Plinio
873 3348 928 3427 (7),
946 3366 1047 3427 percae
1061 3355 1091 3409 et
1106 3355 1189 3410 ostra
1203 3349 1322 3410 Burdi-

253 3445 391 3522 galensia
405 3444 444 3505 ab
459 3445 601 3506 Ausonio
618 3444 671 3525 (8),
685 3445 785 3524 pisces
799 3447 930 3507 Lemoni
944 3446 1032 3508 lacus
1045 3463 1064 3507 a
1085 3446 1237 3524 Gregorio
1257 3449 1325 3509 Tn-

256 3542 384 3603 ronensi
398 3541 517 3604 laudati
533 3568 539 3602 :
558 3542 691 3605 Fercnla
705 3544 862 3621 exquisita
870 3543 1019 3622 prolecto,
1031 3543 1085 3605 sed
1101 3561 1164 3604 nort
1175 3545 1323 3606 omnibns

256 3645 412 3718 prompta.
426 3639 520 3701 Haud
530 3639 574 3701 ita
587 3640 718 3719 quidem
733 3658 790 3719 pro
804 3641 998 3719 quibusdam
1010 3641 1148 3720 piscibus
1162 3659 1242 3720 quos
1252 3661 1325 3704 ven·

287 3807 320 3870 (l)
335 3806 398 3856 Bm
414 3807 434 3856 l.
453 3806 503 3856 138.
520 3805 573 3856 Les
587 3805 722 3863 Boiorum
738 3805 799 3863 XX,
817 3806 837 3863 l,
852 3807 874 3856 t.

296 3869 320 3992 1)
334 3868 627 3988 gghleSffiPrkcitng
632 3869 681 3918 le
668 3869 817 3988 ἐῇἓίι)1οῗ)
821 3872 954 3920 renovutae
968 3870 1040 3934 (798).

288 3931 321 4117 (Ξ)
335 3993 495 4042 Scnnenmn.
511 3993 613 4042 Alsutia
628 3993 767 4049 illustrato,
782 3993 824 4042 811
831 3993 906 4050 ,885
921 3993 975 4043 831.

335 4054 373 4103 Cl
390 4055 553 4112 LexSalica‚
570 4054 940 4112 V11,23‚dasurt1scanu1u

288 4096 655 4241 11111111111111111.

289 4183 323 4307 (81
338 4242 477 4294 Ausonius.
493 4241 564 4294 Ordo
578 4242 707 4294 nobilium
719 4243 836 4294 urbium.
