3359 5142
187 4587 212 4640 vi

221 837 379 900 canosque
394 819 509 882 Africae
524 829 556 882 et
576 820 738 899 Hispaniae
752 821 937 900 trequentes
950 827 1042 882 erant
1065 839 1153 883 usus.
1179 821 1294 884 Mona·

223 915 302 978 chus
325 916 538 996 sangallensis
558 925 721 980 narrator
739 918 848 979 Africa
869 917 913 996 (l)
935 918 1058 979 venisse
1077 916 1117 980 ad
1142 919 1297 980 Karolum

222 1015 376 1092 Magnum
390 1014 508 1094 legatos
523 1014 701 1077 deferentes
715 1015 841 1076 leonem
856 1015 1093 1091 Marmaricum,
1107 1033 1220 1076 ursum
1231 1017 1299 1078 Nu·

222 1112 387 1186 midicum‚
405 1131 480 1173 cum
495 1113 659 1190 ferrugine
674 1112 804 1186 Hibera,
821 1112 982 1191 Tyriaque
997 1112 1129 1187 musica,
1140 1120 1172 1174 et
1185 1113 1299 1175 ceteris
1407 1143 1411 1148 -

222 1210 406 1272 earumdem
423 1211 595 1288 regionum
610 1210 798 1289 insignibus.
822 1209 961 1272 Karolus
976 1218 1095 1288 autem,
1113 1211 1170 1290 qui
1188 1210 1296 1274 reddi-

222 1307 311 1370 derat
337 1309 547 1384 frumentum,
568 1309 682 1370 vinum
703 1315 734 1370 et
757 1309 875 1382 oleum,
900 1325 954 1369 eos
972 1308 1032 1369 sibi
1046 1307 1155 1370 fideles
1178 1309 1298 1370 amicos

221 1404 304 1480 fecit,
322 1405 400 1470 adeo
414 1413 451 1466 ut
474 1404 604 1484 posthac
625 1405 770 1467 dederint
794 1403 839 1484 (2)
863 1404 1023 1466 licentiam
1042 1405 1208 1467 auferendi
1220 1404 1297 1468 reli-

222 1503 314 1582 quias
337 1502 373 1564 S.
398 1502 560 1582 Cypriani,
585 1487 839 1581 sanctorumque
855 1502 1092 1564 scillitanorum
1115 1509 1296 1582 martyrum
1359 1551 1365 1562 .

222 1600 345 1678 Sperati
366 1601 590 1680 sociorumque
609 1602 689 1681 ejus.
716 1601 800 1662 Talis
819 1618 895 1662 vero
915 1597 1055 1662 amicitia
1073 1619 1178 1680 neque
1199 1600 1299 1662 solida

223 1714 328 1775 neque
350 1698 444 1776 longa
463 1699 585 1760 evasit:
616 1699 690 1759 Mor
713 1698 801 1759 enim
824 1715 914 1760 mare
936 1698 1089 1774 infestum
1115 1697 1298 1760 habuerunt

221 1794 339 1856 Africae
367 1794 542 1869 sarraceni,
574 1802 605 1856 et
632 1795 798 1874 usquead
822 1812 944 1857 annum
969 1813 1129 1858 uocccxxx
1156 1795 1297 1858 maximo

221 1891 412 1954 detrimento
430 1893 562 1954 fuerunt
576 1891 763 1954 Christianis
777 1892 1037 1970 negotiatoribus.

566 2124 604 2183 lle
618 2123 795 2184 Socraten-is
809 2123 945 2199 Europa.

262 2327 422 2404 Hispaniae
435 2344 511 2388 vero
525 2325 702 2400 Sarraceni,
719 2343 775 2388 seu
796 2331 923 2404 propter
937 2324 1072 2386 nimiam
1087 2325 1293 2400 vicinitatem,

222 2442 279 2486 seu
293 2429 422 2502 propter
440 2421 522 2484 bella
537 2405 654 2501 soepr'irs
678 2429 836 2496 renovata,
861 2439 933 2483 raro
952 2439 1026 2483 cum
1042 2422 1176 2484 Francia
1196 2439 1294 2500 nego-

223 2520 393 2582 tiabantur.
411 2520 523 2582 Unum
537 2537 613 2582 vero
628 2519 811 2582 commercii
825 2537 926 2598 genus
941 2537 1066 2598 semper
1079 2519 1197 2594 floruit,
1215 2538 1294 2581 ven-

221 2619 299 2680 ditio
313 2619 431 2682 scilicet
445 2616 700 2679 Christianorum
715 2635 892 2680 servorum.
906 2616 925 2679 J
930 2616 1013 2679 udaei
1027 2623 1101 2679 erite
1114 2634 1226 2679 omnes
1240 2616 1296 2678 tali

221 2716 448 2778 incumbebant
461 2717 597 2794 negotio,
615 2717 732 2794 quippe
746 2715 813 2795 qui,
827 2733 883 2794 per
893 2733 984 2777 suam
993 2715 1189 2793 religionem,
1207 2716 1295 2777 nullo

221 2815 421 2876 conscientiae
443 2814 571 2876 vinculo
595 2814 823 2890 detinerentur,
856 2821 887 2875 et
910 2813 1073 2876 interdum
1101 2812 1296 2876 Christianos

220 2913 322 2974 iurari
337 2911 501 2975 auderent.
523 2937 536 2967 ι(
553 2912 744 2990 Supervenit
758 2910 890 2990 quidam
904 2910 1011 2985 homo,
1029 2910 1185 2972 scribebat
1205 2913 1294 2990 Ago·

219 3009 338 3072 bardus
367 3007 421 3089 (3),
451 3009 578 3088 lugiens
606 3008 645 3070 ab
668 3008 818 3086 Hispanis
852 3006 892 3069 de
921 3005 1077 3083 Corduba,
1103 3008 1161 3086 qui
1188 3026 1221 3069 se
1241 3008 1294 3069 di-

220 3106 309 3169 cebat
332 3107 476 3168 furatum
513 3123 532 3166 a
559 3105 699 3184 quodam
723 3105 837 3166 tudaeo
859 3104 1067 3182 Lugdunensi
1089 3112 1163 3167 ante
1190 3122 1292 3168 annos

219 3205 493 3283 vigintiquatuor,
511 3221 646 3282 parvum
669 3201 776 3264 adhuc
803 3219 951 3280 puerum,
969 3209 1001 3264 et
1015 3201 1180 3264 venditum
1204 3228 1211 3264 ε
1237 3203 1291 3264 ln-

218 3302 300 3380 gisse
315 3309 423 3363 antem
438 3318 522 3362 anno
537 3300 682 3379 praesenti
697 3317 772 3360 cum
786 3299 849 3360 alio
863 3299 920 3379 qni
933 3300 1079 3360 similiter
1087 3301 1212 3362 furatus
1220 3301 1292 3363 lue·

220 3407 269 3461 rat
284 3400 412 3461 Arelate
426 3398 467 3460 ab
476 3396 538 3459 alio
551 3399 571 3460 J
573 3397 663 3459 ndaen
678 3404 750 3458 ante
764 3414 864 3459 annos
877 3414 930 3458 sex
941 3421 949 3457 ε
962 3394 1108 3474 Cumque
1122 3395 1221 3478 hujus
1235 3399 1293 3478 qni

218 3497 440 3574 Lugdunensis
467 3497 571 3559 fuerat
598 3513 717 3558 nomen
745 3511 967 3573 quoereremus
993 3501 1025 3556 et
1052 3496 1289 3572 inveniremus,

218 3593 340 3658 dictum
370 3602 417 3656 est
444 3592 676 3673 aquibusdam
705 3599 736 3654 et
759 3591 837 3654 alios
865 3591 907 3653 ab
934 3592 1046 3654 eodem
1072 3592 1178 3654 ludeo
1204 3593 1291 3654 fura·

220 3697 276 3766 tos,
293 3691 372 3752 alios
385 3709 461 3754 vero
475 3698 597 3770 emptos
611 3697 643 3751 et
657 3689 811 3751 venditos.
830 3713 844 3743 r
862 3688 900 3748 In
914 3687 983 3750 haec
999 3690 1073 3769 jure
1092 3688 1225 3768 quidem
1239 3690 1291 3752 in·

218 3787 348 3850 vehitur
372 3789 568 3868 Agobardus‚
595 3804 784 3866 severasque
814 3787 962 3864 implorat
983 3786 1068 3865 leges
1095 3804 1163 3849 :eo
1189 3789 1292 3866 magis

217 3886 304 3964 quod
318 3886 433 3962 Judaet,
459 3886 515 3947 tali
537 3883 728 3947 commercio
750 3901 815 3945 non
839 3884 989 3958 contenti,
1010 3883 1175 3946 eunuchos
1189 3891 1221 3946 et
1234 3902 1290 3946 ve-

219 3982 422 4046 numdabunt
442 3982 691 4045 Sarracenorum
706 3980 851 4042 moribus
867 3987 899 4041 et
918 3980 1062 4057 religioni
1085 3981 1288 4042 necessarios.

263 4161 283 4224 l)
297 4161 323 4210 S.
338 4159 406 4210 Gall.
422 4159 457 4216 ll.
471 4160 506 4210 13.
523 4159 647 4218 Boreum
661 4157 694 4215 V,
711 4155 862 4208 nn-Poet
872 4155 933 4206 Sex.
943 4155 976 4213 V,
990 4155 1044 4206 500
1060 4155 1185 4215 Bouousr
1198 4153 1229 4214 V,
1239 4155 1288 4206 101.

249 4223 284 4348 (οζ
298 4221 458 4274 chronicon.
473 4222 574 4295 Adonis
587 4221 658 4284 (007).
677 4221 810 4308 Bormum
826 4216 860 4275 V,
876 4218 929 4293 bii.
993 4283 999 4292 ι
1032 4283 1037 4292 ⁸

249 4286 272 4348 (³
298 4287 432 4338 Aconum.
448 4285 485 4336 De
499 4285 574 4335 insol.
590 4284 651 4336 lud.
666 4284 748 4342 Bouot
759 4297 791 4333 sr
803 4279 849 4340 v1,
865 4281 918 4332 lita.
928 4308 957 4320 -
969 4281 1075 4333 Brblrot
1091 4280 1201 4332 Petrum
1215 4279 1288 4342 XIV,

216 4348 270 4400 255.
