3359 5142
730 616 889 679 ..71-

273 765 395 837 cordiae,
413 771 444 826 et
467 764 696 844 Hnngarorum
718 751 917 830 incursiones
939 767 1052 829 inutile
1071 774 1102 829 et
1126 769 1348 847 imperfectum

272 880 350 940 opus
365 863 548 924 effecerunt.
565 862 757 926 Etiamnunc
772 870 895 924 exstant
909 865 1059 926 informia
1072 865 1207 940 rudera,
1218 885 1348 946 aggeres

272 959 388 1021 scilieet
403 959 578 1020 continuati
594 961 751 1038 usquead
766 961 881 1022 urbem
896 961 1112 1039 Dettenheim,
1129 948 1188 1023 ubi
1201 964 1270 1025 fons
1288 965 1349 1027 lta-

272 1055 396 1129 dantiae,
417 1056 571 1132 fossaeque
587 1073 659 1133 quae
674 1057 743 1118 vico
759 1057 884 1118 Graben
900 1057 1015 1120 dedere
1031 1076 1159 1120 nomen.
1331 1067 1335 1071 ’

284 1197 286 1202 .
313 1153 405 1213 Vana
419 1151 516 1229 igitur
526 1159 557 1213 et
571 1153 680 1214 inania
693 1169 820 1216 evasere
835 1155 946 1214 Karoli
960 1156 1069 1235 Magni
1083 1157 1224 1218 consilia.
1242 1157 1345 1220 Suum

273 1247 359 1308 enim
383 1248 536 1311 Germani
559 1249 797 1317 detestabantur
825 1251 990 1324 victorem,
1014 1257 1046 1312 et
1068 1252 1151 1313 dona
1178 1253 1345 1316 ferentem.

274 1345 367 1418 Quod
383 1346 449 1424 ipse
463 1346 655 1408 intellexisse
677 1347 804 1407 videtur
820 1347 1003 1424 imperator,
1029 1347 1146 1425 quippe
1167 1349 1225 1426 qui
1247 1348 1346 1411 Saxo-

276 1443 363 1504 niam
380 1461 445 1504 non
460 1443 555 1504 modo
571 1443 714 1504 libertate
729 1443 783 1504 sed
799 1443 895 1504 etiam
906 1444 1098 1505 commercio
1107 1443 1279 1521 privaverit
1292 1463 1349 1523 per

276 1541 396 1602 famosa
420 1541 606 1619 capitularia
632 1540 675 1619 (l)
701 1567 708 1600 z
734 1565 747 1595 α
769 1541 816 1600 De
838 1539 1088 1616 negotiatoribus
1117 1542 1174 1618 qui
1203 1542 1346 1620 partibus

274 1637 463 1699 Solavorum
484 1644 514 1699 et
535 1640 717 1699 Avarorum
741 1641 889 1714 pergunt,
909 1653 1078 1715 quousque
1099 1637 1267 1714 procedere
1289 1639 1346 1700 de-

272 1733 367 1795 beant
382 1753 456 1795 cum
472 1735 537 1796 suis
551 1735 696 1813 negotiis,
727 1734 760 1799 id
782 1741 827 1796 est
851 1735 995 1812 partibus
1019 1735 1162 1796 Saxoniae
1185 1738 1346 1814 usquead

272 1831 498 1907 Bardewich..,
517 1840 547 1892 et
561 1833 601 1894 ad
616 1832 796 1906 Sohesta...,
815 1832 1042 1910 Magadoburg,
1070 1833 1235 1910 Erpissurt,
1254 1835 1346 1896 Fora-

272 1926 387 2002 cheim‚
421 1929 625 2007 Breemberg,
648 1928 879 2007 Ragonisbnrg,
900 1929 985 1990 etad
1005 1929 1209 1991 Lauriacum.
1242 1931 1281 1991 Et
1310 1938 1345 1991 ut

271 2041 361 2085 arma
376 2033 407 2086 et
420 2026 551 2110 bruinas
565 2045 630 2088 non
654 2028 771 2089 ducant
790 2027 830 2088 ad
855 2027 1117 2088 vernindandnm.
1143 2028 1236 2101 Quod
1251 2030 1278 2088 si
1292 2029 1344 2090 in-

271 2121 357 2182 venti
372 2121 490 2182 luerint
505 2130 674 2201 portantes,
693 2124 796 2185 omnis
810 2123 987 2184 substantia
1000 2141 1114 2185 eorum
1128 2126 1292 2186 auferatur
1305 2125 1345 2186 ab

271 2216 324 2292 eis
343 2218 476 2280 dimidia
490 2220 621 2297 quidem
636 2240 708 2299 pars
724 2221 867 2299 partibus
881 2222 995 2299 palatii,
1015 2222 1076 2284 alia
1097 2241 1172 2284 vero
1192 2224 1345 2285 medietas

274 2312 356 2374 inter
367 2314 435 2393 jam
450 2316 549 2377 dictos
564 2318 677 2378 missos
698 2308 728 2378 et
741 2318 942 2383 inventorem
957 2318 1127 2379 dividatur.
1147 2342 1161 2373 n

728 2556 764 2614 llo
785 2555 884 2614 Italic.

306 2759 383 2832 Quae
400 2759 560 2837 quumita
575 2759 636 2818 sint
646 2756 902 2838 intenlAngliam
911 2756 1181 2834 Germaniamque
1200 2763 1230 2819 et
1246 2759 1343 2820 Pran-

267 2856 349 2917 ciam
364 2856 430 2916 iere
445 2855 570 2915 nullum
586 2856 703 2916 exstitit
718 2855 959 2916 commercium.
984 2854 1079 2914 Haud
1095 2854 1138 2914 ito
1153 2873 1237 2929 vero,
1256 2857 1342 2934 quod

267 2953 307 3012 ad
320 2951 447 3012 ltaliam
466 2951 633 3029 spectabat,
651 2969 700 3012 res
720 2969 787 3012 sese
810 2951 923 3012 habuit
939 2978 946 3011 :
964 2953 1037 3012 Non
1060 2951 1148 3012 euim
1176 2951 1270 3012 modo
1286 2972 1343 3031 per

267 3049 504 3128 quinquaginta
518 3067 617 3109 annos
639 3048 678 3109 ab
699 3048 810 3109 eodem
826 3066 900 3125 rego
923 3065 1044 3126 perque
1067 3065 1171 3108 unum
1186 3048 1340 3110 saeculum

266 3148 305 3210 ab
326 3148 437 3210 eadem
452 3145 572 3206 familia
582 3145 774 3222 gubernatae,
793 3144 958 3205 sedetiam
977 3149 1105 3223 propter
1119 3144 1247 3222 linguae,
1264 3146 1339 3206 reli-

267 3245 368 3322 gionis
382 3259 575 3320 morumque
591 3241 815 3301 similitudines
830 3247 920 3301 erant
931 3240 1062 3321 junctae.
1086 3240 1164 3300 Inde
1187 3240 1341 3318 frequen-

268 3339 348 3400 tiora
367 3338 602 3416 negotiatorum
626 3337 750 3412 itinera,
770 3337 843 3398 inde
857 3337 1087 3396 nonnullarum
1104 3335 1235 3396 urbium
1250 3354 1341 3414 pros-

266 3435 390 3526 peritas
410 3451 481 3514 quae
497 3434 614 3495 divitiis
630 3443 660 3496 et
675 3434 866 3496 commercio
881 3432 921 3495 ad
935 3434 968 3494 id
984 3433 1131 3525 potentiae
1145 3451 1219 3492 mox
1235 3451 1341 3511 perve-

265 3538 393 3606 nerunt,
411 3537 446 3591 nt
460 3531 567 3591 liberae
584 3530 768 3609 respublicae
783 3531 872 3592 factm
888 3531 963 3590 sint.

306 3629 442 3689 Romam
458 3624 529 3688 alite
539 3628 616 3688 alias
630 3628 725 3688 urbes
740 3628 840 3688 nostri
856 3627 1101 3706 frequentabant
1115 3625 1335 3703 negotiatores.

266 3725 375 3798 Quum
399 3726 486 3786 enim
508 3724 651 3785 Karolini
677 3742 829 3803 papaeque
853 3733 967 3785 mutuo
991 3724 1184 3786 necessitatis
1211 3724 1341 3784 vinculo

265 3821 373 3882 sociati
389 3830 501 3897 essent,
519 3839 585 3882 sese
599 3822 736 3881 invicem
752 3822 961 3894 sustinebant,
979 3821 1115 3898 ideoque
1132 3821 1338 3897 negotiatori-

264 3917 324 3978 bus
339 3926 370 3979 et
385 3919 576 3980 commercio
598 3918 756 3980 favebant.
773 3918 846 3979 Alia
863 3919 959 3979 etiam
978 3935 1082 3992 causa,
1108 3918 1340 3996 peregrinatio-

265 4015 360 4076 nibus
389 4017 517 4092 seilicet,
549 4017 687 4077 Romam
715 4033 798 4093 stepo
827 4016 928 4077 nostri
956 4016 1040 4076 cives
1061 4015 1206 4096 adibant,
1233 4015 1341 4076 sedem

263 4113 401 4174 ecclesiae
417 4119 600 4191 martyrum
620 4113 773 4190 sanguino
792 4112 994 4186 illustratam,
1013 4120 1276 4190 perpetuumque
1293 4130 1340 4173 re-

298 4290 330 4352 (Ι)
345 4291 456 4340 Batnae.
474 4290 492 4348 l,
513 4290 562 4346 lli,
578 4303 635 4354 cap
648 4291 663 4339 ‘l
677 4289 740 4352 (805)
754 4288 776 4341 7.
792 4317 820 4330 -
834 4290 854 4345 Ι,
873 4289 923 4346 l3l,
938 4304 996 4359 cap.
1010 4289 1098 4352 alant)
1108 4291 1130 4339 9.
