3359 5142
701 601 861 665 ..77-

162 771 165 778 ·
243 749 376 813 florente
393 749 501 812 adhuc
518 752 719 827 commercio,
738 769 775 812 ex
790 751 843 815 his
857 749 1040 830 regionibus
1053 754 1198 829 peterent
1213 774 1220 810 :
1238 749 1319 811 ebur

244 857 362 919 scilicet
385 856 425 918 ad
450 857 608 920 librorum
627 858 889 937 compactionem,
912 856 1128 936 manuscripta
1143 856 1198 936 (l),
1223 873 1318 918 orna-

244 962 352 1020 menta
367 955 464 1016 sacris
478 956 579 1035 capsis
598 956 763 1031 destinata,
780 955 896 1017 sericas
919 963 1031 1032 vestes,
1051 961 1235 1035 tapetesque
1259 972 1320 1017 acu

245 1053 355 1131 pictos,
373 1052 482 1114 omnia
496 1071 561 1114 uno
576 1053 673 1114 verbo
688 1070 772 1133 quae,
789 1060 820 1116 et
839 1049 945 1129 hodie,
972 1070 1010 1116 ex
1034 1052 1249 1116 Orientalibus
1273 1070 1320 1114 re-

244 1148 392 1226 gionibus
406 1149 509 1213 delata
523 1151 692 1213 miramur.

696 1330 734 1389 Dc
757 1329 868 1390 littoris.

285 1487 381 1550 Haud
395 1487 507 1566 procul
521 1503 541 1548 a
553 1486 681 1562 Graecis,
699 1487 849 1564 epopulo
865 1493 941 1548 tunc
959 1486 1079 1563 ignoto,
1096 1486 1210 1547 Russis
1231 1485 1320 1547 vide-

245 1585 329 1660 licet,
346 1583 528 1646 Ludovicus
543 1584 622 1646 Pius
636 1584 756 1663 accepit
774 1583 904 1661 legatos.
926 1583 1069 1645 Annales
1083 1583 1261 1645 Bertiniani
1275 1581 1321 1664 (2)
1367 1629 1376 1647 .

246 1687 388 1757 narrant,
407 1699 490 1744 anno
505 1699 664 1757 ccccxxix,
682 1699 748 1743 una
759 1699 834 1744 cum
849 1681 960 1759 legatis
969 1680 1139 1760 Theophili
1148 1680 1326 1760 imperato-'

247 1780 291 1840 ris
305 1780 429 1842 venisse
444 1780 530 1855 alios,
549 1779 607 1857 qui
621 1797 654 1840 se
663 1778 752 1840 Rhos
762 1779 870 1840 vocari
877 1778 1034 1854 dicebant,
1043 1796 1320 1857 quorumquerex,

247 1875 424 1952 Chacanus,
447 1861 644 1939 Francorum
660 1876 834 1938 amicitiam
842 1876 977 1954 petebat.
988 1876 1073 1937 Mira
1085 1893 1216 1954 prorsus
1231 1893 1322 1938 occa·

246 1974 292 2035 sio
317 1974 486 2036 occurebat
500 1974 645 2053 regiones
662 1973 875 2051 investigandi
893 1991 1008 2053 parum
1026 1979 1126 2056 notas,
1144 1974 1324 2052 nostrisque

248 2072 498 2151 negotiatoribus
513 2091 611 2134 novas
625 2073 825 2134 monstrandi
840 2073 922 2134 vias:
941 2071 1122 2134 Ludovicus
1136 2079 1244 2134 autem
1271 2089 1324 2133 eos

248 2169 458 2247 exploratores
473 2170 578 2247 potius
593 2188 691 2248 quam
706 2169 854 2232 amicitiae
869 2173 1017 2249 petitores
1024 2169 1189 2250 judicavit,
1206 2187 1324 2248 eosque

247 2283 344 2344 penes
359 2284 393 2327 se
413 2267 597 2328 retinendos
617 2267 722 2347 jussit,
747 2267 854 2345 quoad
875 2268 1033 2328 veraciter
1049 2267 1189 2329 inveniri
1209 2273 1321 2345 posset,

251 2368 363 2425 utrum
378 2363 515 2426 fideliter
529 2381 588 2425 nec
601 2365 684 2426 neiu
694 2364 862 2426 Franciam
875 2364 1093 2443 pervenerint3
1107 2382 1160 2426 eos
1173 2364 1322 2442 denique,

249 2468 404 2539 tanquam
423 2461 597 2537 Suenones‚
617 2463 656 2524 ad
671 2461 887 2541 Theophilum
906 2462 1037 2538 dimisit,
1055 2462 1215 2541 talemque
1237 2463 1324 2541 lega-

248 2559 370 2620 tionem
388 2557 578 2636 dedignatus
597 2566 666 2621 est:
685 2560 847 2621 immerito
862 2560 1011 2638 quidcm3
1038 2577 1152 2639 nempe
1173 2578 1250 2638 gens
1272 2558 1327 2620 illa

249 2655 389 2718 Franciae
410 2657 538 2732 auxilio,
564 2657 747 2719 humanum
772 2658 963 2736 civilemque
987 2659 1111 2719 cultum
1139 2659 1327 2738 suscepisset

249 2753 400 2830 brevius,
432 2760 638 2832 nostramque
667 2772 724 2833 per
755 2753 931 2816 Orientales
959 2755 1104 2832 regiones
1131 2754 1327 2817 fundavisset

250 2852 483 2914 auctoritatem.
500 2852 594 2926 Quod
609 2871 684 2915 vero
707 2871 772 2914 non
785 2853 976 2914 intellexisse
991 2853 1140 2915 videntur
1154 2854 1300 2915 Karolini
1316 2880 1323 2914 ε

251 2949 375 3028 Quippe
389 2951 446 3027 qui
467 2968 533 3011 nou
548 2950 642 3013 modo
657 2951 838 3011 Russorum
863 2951 1037 3013 amicitiam
1061 2952 1239 3032 rejecerint,
1271 2951 1328 3013 sed

250 3047 347 3107 etiam
360 3063 436 3107 oum
447 3045 662 3122 Sclavonibus,
681 3047 739 3125 qui
753 3047 830 3108 olim
844 3065 954 3125 regem
967 3047 1149 3109 habuerant
1169 3055 1326 3110 mercato-

250 3160 329 3221 rem,
339 3143 497 3204 Francum
511 3143 682 3206 Samonem
693 3142 748 3223 (3),
766 3143 870 3207 nullas
884 3145 1017 3208 fecerint
1030 3145 1285 3208 consuetudines.

318 3372 370 3429 11.'
388 3383 443 3430 nu
472 3381 659 3430 POPULIS
690 3383 967 3432 anfflonmu
996 3385 1261 3432 Marrucinum

644 3473 920 3519 consenciens

624 3629 663 3687 De
677 3626 855 3689 sarracenis
869 3627 953 3687 Asia.

294 3786 434 3848 Franciae
447 3786 658 3864 negotiatores
675 3786 709 3846 in
730 3785 859 3863 Europa
873 3783 1026 3846 Orientali
1048 3783 1161 3862 frigide
1184 3792 1330 3864 exceptos

254 3884 416 3945 vidimus·
436 3883 517 3944 Cum
538 3883 721 3946 sarracenis
740 3888 859 3958 autem,
883 3883 940 3944 etsi
966 3881 1171 3946 Mahumedis
1191 3884 1327 3960 asseclis,

286 4042 319 4105 (l)
332 4041 476 4092 Milanion,
488 4042 577 4091 Treite
590 4041 622 4092 de
634 4042 660 4092 la
674 4041 700 4090 di
722 4041 874 4104 lomatique.

287 4105 319 4167 (l)
334 4105 416 4161 Boco.
433 4103 479 4158 VI.
498 4105 552 4154 tot.
574 4104 628 4154 aba.
645 4132 674 4141 -
714 4103 767 4153 oud
780 4101 904 4176 equidem
923 4100 1036 4150 diffiteor
1056 4101 1159 4152 Russos
1171 4105 1235 4151 tunc
1254 4102 1329 4154 falsis

230 4173 233 4180 ⁴
255 4166 412 4216 numinibus
427 4166 545 4216 addictos
560 4187 566 4215 :
582 4166 620 4216 Cl.
639 4167 735 4216 Lisso.
751 4165 848 4229 Gyrrllc
861 4168 888 4214 et
901 4162 1032 4214 Methode.
1050 4163 1135 4215 Unice
1149 4169 1257 4231 propter
1269 4164 1328 4217 dni·

256 4229 322 4278 tima
334 4229 446 4292 imperio
458 4242 502 4279 eos
515 4231 573 4294 post
585 4242 688 4301 graecos
701 4241 835 4278 enumero.

288 4289 320 4356 (3)
335 4289 494 4344 Procneson
508 4291 650 4344 chronicon
663 4290 701 4342 ta.
715 4316 744 4326 -
756 4290 853 4342 Arxorr
866 4290 889 4340 9.
