3359 5142
721 581 882 648 „91-

265 732 409 795 miserias
437 733 618 808 conficiunt,
649 733 760 812 nilque
787 732 875 794 aliud
903 731 965 792 nisi
993 733 1102 794 ruinas
1130 751 1186 812 per
1214 750 1342 812 campos

266 830 463 908 relinquunt.

630 994 813 1054 Animorum
835 993 1004 1069 desperatio.

305 1175 383 1236 Inde
407 1192 535 1236 summa
557 1175 740 1238 animorum
764 1176 957 1256 desperatio,
974 1194 1055 1256 quos
1076 1184 1209 1256 occupat
1231 1178 1345 1257 ingens

268 1279 383 1352 torpor.
407 1273 513 1334 Veluti
539 1275 688 1337 animalia
712 1275 791 1356 jugo
812 1279 948 1352 assueta,
972 1282 1076 1337 tacent
1099 1293 1220 1349 omneS,
1246 1292 1344 1354 seque

266 1389 403 1450 suosque
424 1371 488 1432 fato
507 1373 720 1449 permittunt:
747 1390 812 1434 non
833 1373 931 1435 armis
946 1373 1000 1434 sed
1014 1373 1171 1448 lamentiS,
1189 1391 1253 1434 non
1267 1373 1342 1434 bra-

266 1469 329 1530 hiis
344 1471 398 1544 sed
413 1472 560 1550 precihus
576 1478 722 1532 utuntur.
750 1496 763 1526 a
780 1471 859 1545 Quis
874 1489 1019 1552 unquam
1033 1471 1186 1546 crederet,
1203 1472 1247 1532 ait
1264 1472 1342 1532 Pas-

267 1567 394 1630 chasius
410 1572 422 1644 (
427 1569 453 1648 1)
467 1569 648 1644 Ratbertus‚
674 1569 758 1648 quod
775 1569 916 1631 accidere
930 1570 991 1631 tale
1006 1569 1128 1648 aliquid
1142 1570 1294 1648 potuisset
1308 1569 1343 1629 in

265 1665 380 1726 nostris
403 1665 566 1744 partibus?
592 1666 679 1744 quod
702 1666 839 1727 latrones
862 1666 1050 1744 promiscuae
1072 1667 1176 1744 gentis
1195 1683 1342 1746 unquam

266 1763 517 1824 taliaauderent?
527 1762 577 1824 vel
587 1763 660 1841 quis
667 1763 827 1824 oestimare
835 1763 1085 1841 potuissetquod
1095 1763 1342 1840 tamgloriosum

266 1877 402 1936 regnum
430 1866 558 1938 tamque
585 1860 749 1921 munitum
774 1866 805 1922 et
834 1860 1035 1935 latissimum,
1061 1868 1127 1922 tam
1152 1861 1341 1939 populosum

265 1965 296 2016 et
318 1957 550 2032 firmissimum,
575 1958 688 2019 talium
703 1957 875 2020 hominum
897 1957 1062 2019 humiliari
1077 1959 1126 2019 vel
1141 1958 1250 2020 faedari
1270 1976 1340 2020 sor-

264 2054 357 2116 dibus
369 2053 547 2117 deberet....
563 2061 691 2134 propter
704 2062 830 2134 peccata
843 2063 952 2117 nostra
965 2056 1034 2117 haec
1048 2057 1190 2135 patimur
1204 2054 1266 2136 (2)„

305 2153 466 2227 Quorsum
482 2160 590 2215 autem
605 2154 675 2215 talis
685 2153 914 2232 particularia?
929 2154 983 2215 Nil
992 2153 1081 2215 aliud
1096 2161 1229 2215 testatur
1242 2172 1342 2234 quam

267 2251 433 2313 Franciam
449 2257 493 2312 tot
511 2251 648 2313 miseriis
669 2251 868 2330 desperatam
886 2252 1002 2332 jacere,
1019 2251 1091 2313 ideo
1106 2269 1169 2330 que
1182 2269 1341 2313 commer-

266 2349 362 2425 cium,
380 2350 415 2410 in
429 2350 569 2411 deterius
583 2349 767 2428 collapsum,
786 2349 919 2410 omnino
932 2366 1131 2411 evanescere.

294 2551 370 2612 (l)1n
383 2552 490 2602 lament.
504 2550 636 2602 deremim.
652 2550 698 2601 IV.
714 2550 821 2600 Bibliot.
838 2550 896 2601 Pat.
918 2550 991 2600 XIV.
1006 2551 1060 2600 817.
1087 2570 1089 2573 ·

297 2614 330 2675 (⁸1)
347 2612 384 2662 Gs.
398 2612 484 2664 Caroli
498 2613 571 2663 Calvi
588 2614 704 2664 lamenta
716 2613 743 2663 in
756 2613 840 2664 edicto
855 2613 980 2664 Pistensi.
996 2615 1060 2677 226.
1076 2614 1140 2664 Bau.
1158 2615 1193 2670 ΙΙ.
1212 2614 1262 2665 186.
