3359 5142
457 787 669 888 PARS
730 805 1119 888 SECUNDA

714 1053 859 1064 ——ss

687 1253 844 1316 CAPUT
875 1255 890 1315 Ι

536 1469 606 1524 De
641 1466 871 1526 fructibus
905 1471 1050 1524 terrae

729 1675 852 1751 Fruges.

293 1830 476 1962 Antepudm
503 1860 736 1939 negotiatorum
764 1859 905 1938 vestigiis
929 1859 1125 1934 insistamus,
1156 1860 1222 1922 huc
1249 1861 1327 1924 illuc

214 2015 216 2021 .
255 1958 359 2020 varios
380 1963 503 2018 naturae
531 1956 814 2036 humanarumque
845 1956 965 2018 artium
992 1956 1114 2019 fructus
1142 1957 1324 2034 ferentium,

257 2055 338 2116 mihi
358 2054 526 2117 necessitas
540 2054 695 2116 incumbit
710 2053 920 2116 enumerandi
938 2071 1059 2116 merces
1078 2071 1157 2133 quas
1179 2054 1328 2118 emebant

255 2153 313 2217 aut
327 2151 573 2214 venumdabant.
660 2223 664 2234 .

294 2249 468 2312 Neminem
498 2248 639 2327 prolecto
665 2247 741 2309 latet
768 2248 916 2310 homines
944 2249 989 2310 nil
1017 2249 1183 2329 antiquius
1209 2250 1327 2313 ducere

256 2366 352 2428 quam
368 2366 417 2410 res
435 2365 507 2427 quae
528 2354 669 2426 spectant
684 2348 724 2409 ad
742 2347 937 2423 alimoniam,
961 2348 1098 2427 ideoque
1117 2349 1327 2427 negotiatores

254 2445 443 2509 commercio
470 2463 579 2508 rerum
607 2461 678 2524 quae
705 2445 805 2506 vitam
833 2451 1019 2521 sustentant,
1054 2453 1087 2507 et
1119 2453 1192 2508 aute
1220 2448 1328 2510 omnia

253 2542 444 2606 commercio
458 2542 600 2621 frugum,
617 2542 791 2604 maximam
805 2542 936 2604 daturos
952 2560 1020 2604 esse
1043 2560 1182 2621 operam.
1206 2544 1327 2606 Viatori

254 2641 420 2704 Franciam
435 2638 530 2702 hodie
553 2640 759 2719 perlustranti
782 2646 935 2719 apparent
948 2641 1052 2719 campi
1072 2641 1134 2702 late
1155 2641 1243 2717 culti,
1269 2641 1326 2720 qui

254 2739 386 2818 quidem
400 2737 590 2800 denuntiant
604 2737 758 2816 populum
777 2735 954 2814 agrestibus
976 2736 1126 2815 operibus
1146 2737 1323 2799 inservien-

254 2842 329 2896 tem.
346 2834 442 2897 Haud
452 2835 496 2896 ita
505 2852 580 2896 vero
595 2851 627 2896 se
637 2851 685 2896 res
695 2835 806 2912 agebat
815 2833 1021 2914 regnantibus
1031 2834 1201 2896 Karolinis.
1213 2835 1326 2896 Solum

253 2933 341 2994 enim
356 2939 451 2994 vastae
470 2932 556 2993 silvae
580 2931 735 3009 tegebant,
761 2931 838 2993 locis
853 2931 1041 2993 intermissae
1065 2932 1207 2994 desertis.
1224 2932 1322 3008 Raro,

254 3031 376 3092 circum
391 3029 486 3092 urbes
500 3028 765 3108 monasteriaque,
783 3036 839 3090 aut
861 3028 896 3088 in
920 3029 1003 3089 villis
1018 3017 1220 3108 quibusdam,
1238 3037 1323 3092 terra

255 3128 375 3192 ferebat
388 3133 517 3207 segetes
537 3145 600 3188 non
622 3145 697 3188 vero
712 3125 919 3188 abundantes.
936 3125 988 3188 Ad
1001 3144 1058 3188 nos
1073 3126 1159 3188 enim
1179 3127 1324 3206 pervenit

256 3225 398 3304 Pippini,
429 3242 513 3287 anno
541 3242 692 3285 nncnxxrv
723 3223 937 3285 «constitutio
960 3224 1114 3301 generalis
1128 3223 1166 3286 de
1189 3224 1322 3286 laetaniis

254 3323 405 3384 iaciendis
414 3340 472 3400 pro
486 3321 631 3382 ubertate
646 3327 737 3382 terrae
753 3343 766 3374 n
786 3319 842 3400 (1).
860 3307 1117 3397 Negotiatoribus
1140 3321 1238 3398 igitur
1260 3339 1324 3382 non

252 3420 366 3482 licebat
381 3419 436 3481 tali
450 3418 615 3496 indulgere
629 3417 831 3479 commercio.

293 3517 335 3579 At
353 3516 440 3579 enim
454 3515 534 3576 illud
548 3515 670 3578 celebre
684 3515 794 3578 Kar-oli
813 3516 923 3593 Magni
945 3516 1169 3594 capitularium
1189 3515 1228 3576 de
1242 3515 1325 3576 villis

253 3615 452 3694 septuaginta
465 3619 496 3676 et
510 3619 648 3692 quatuor
656 3612 779 3692 plantas
789 3612 1008 3692 comparandis
1015 3613 1173 3675 alimentis
1183 3612 1321 3688 idoneas,

252 3714 318 3775 imo
332 3714 453 3792 plantas
467 3729 524 3791 pro
539 3711 750 3773 condimentis
765 3717 796 3771 et
806 3710 972 3775 medecina
985 3717 1163 3774 enumerat.
1181 3710 1324 3773 Enume-
1411 3732 1421 3751 ·

250 3815 364 3870 rantur
391 3825 520 3888 quoque
543 3809 576 3868 in
596 3807 752 3870 breviario
767 3825 877 3868 rerum
900 3807 1059 3870 fiscalium
1080 3807 1190 3868 Karoli
1210 3808 1321 3885 Magni

251 3907 365 3984 viginti
379 3913 410 3968 et
425 3924 477 3968 sex
501 3905 608 3967 herbae
622 3903 800 3966 hortulanae
815 3902 871 3984 (3).
896 3904 982 3979 Quid
995 3905 1111 3983 plura?
1133 3904 1216 3966 Sunt
1237 3904 1316 3965 Ein-

283 4089 316 4227 g}
328 4085 428 4201 deael.
441 4086 625 4208 &pensatus
634 4152 853 4224 commentarium
864 4149 953 4201 dehoc
963 4148 1129 4216 capitulario.
1138 4148 1324 4215 bibliotheque

253 4213 286 4263 de
298 4201 394 4264 lEcole
407 4212 454 4264 des
466 4213 585 4269 Chartes,
599 4214 623 4264 3‘
637 4215 713 4271 sene,
728 4216 745 4262 t.
763 4212 785 4262 l.

280 4275 313 4337 (3)
325 4275 458 4334 Gallieno,
471 4275 627 4341 Polyptiquo
642 4275 794 4332 d'lrminon,
809 4275 862 4326 tot.
