3359 5142
707 545 753 568 .-
774 511 874 580 65..

177 710 184 721 .
254 661 390 727 Nullum
404 661 492 724 aliud
504 661 545 723 sit
559 669 787 740 argumentum
801 679 901 740 quam
912 659 1111 724 enumeratio
1126 676 1236 728 rerum
1251 675 1332 739 quas

255 758 432 822 Theodulio
447 761 585 822 offerunt
605 760 761 837 nonnulli,
779 767 816 822 ut
830 760 901 840 ejus
923 758 1022 819 fidem
1035 756 1234 833 labefaciant,
1251 758 1330 819 cris·

255 857 382 920 tallinos
395 857 541 948 videlicet
555 856 687 936 cyathos
702 857 759 938 (l),
776 856 973 936 margaritas,
990 872 1104 917 aureos
1118 854 1233 916 solidos
1256 872 1331 918 cum

254 955 369 1016 litteris
396 955 591 1030 Sarracenis,
621 956 773 1018 mantelia
808 954 908 1017 variis
944 953 1105 1015 coloribus
1131 953 1232 1015 tincta
1258 970 1332 1031 quae

254 1052 408 1114 fabricant
435 1052 565 1127 Arabes
599 1071 636 1114 cx
657 1051 821 1130 argenteas
845 1057 968 1130 pateras
987 1049 1179 1112 intrinsecus
1192 1056 1329 1125 auratas,

256 1149 452 1211 extrinsecus
473 1156 582 1211 autem
602 1167 659 1229 per
680 1149 786 1212 sulfur
808 1149 926 1227 nigras,
948 1164 1049 1222 arina,
1073 1147 1172 1224 pelles
1194 1163 1232 1208 ex
1253 1143 1332 1208 Cor·

257 1250 352 1327 duta,
370 1251 479 1313 omnia
491 1252 631 1330 proiecto
651 1269 723 1330 quae
747 1251 937 1314 denuntiant
956 1247 1176 1312 meridionalis
1193 1247 1334 1311 Franciae

258 1349 488 1410 commercium
504 1366 579 1411 eum
593 1348 741 1428 gentibus
755 1348 986 1412 remotissimis.

671 1591 778 1650 Portus
803 1589 921 1650 Oceani.

1338 1700 1375 1790 Ἰ

300 1771 393 1846 Quod
408 1772 435 1833 si
450 1780 559 1833 autem
580 1771 620 1833 ad
641 1779 752 1850 portus
779 1771 896 1834 Oceani
923 1770 1104 1846 transimus,
1128 1769 1334 1849 Burdigalam

259 1875 334 1928 ante
358 1885 468 1928 omnes
490 1869 696 1946 reperiemus,
723 1867 838 1928 urbem
858 1867 1052 1947 jamdudum
1080 1866 1206 1929 Baccho
1235 1869 1335 1946 insig-

260 1982 334 2026 nem
351 1963 405 2043 (8),
423 1971 453 2026 et
467 1965 507 2026 ad
522 1965 602 2027 ostia
615 1965 758 2026 fluminis
772 1964 944 2026 nonnullas
958 1965 1108 2039 civitates,
1121 1982 1260 2043 quarum
1271 1983 1337 2027 una

259 2063 428 2140 praecipue,
446 2061 612 2140 Condates,
629 2063 729 2125 veluti
748 2065 930 2144 emporium
945 2069 1012 2124 erat
1027 2062 1202 2128 lemovicii
1222 2069 1254 2124 et
1275 2062 1336 2124 Oa-

261 2159 387 2222 durcini
403 2161 474 2238 pagi
489 2157 545 2240 (3).
563 2160 660 2222 Fama
677 2177 807 2239 quoque
822 2161 920 2221 refert
935 2177 972 2221 ex
994 2159 1051 2222 illo
1070 2160 1135 2238 jam
1160 2167 1300 2239 tempore
1319 2178 1338 2222 a

259 2257 419 2318 Ludovico
443 2257 501 2318 Pio
517 2264 732 2319 constructam
752 2257 851 2318 fuisse
869 2257 902 2316 in
918 2257 1046 2334 scopulo
1062 2255 1247 2343 ,Cordouani
1267 2265 1337 2318 tur-

262 2371 330 2416 rem
340 2355 374 2413 in
384 2370 448 2432 qua
458 2355 615 2432 praepositi
630 2354 777 2416 homines
791 2352 926 2415 buccina
937 2353 1091 2415 sonabant
1099 2353 1139 2415 ad
1148 2355 1336 2418 avertendos

260 2457 383 2511 nautas.
415 2451 636 2528 Namnetibus,
660 2469 732 2530 quae
757 2451 816 2512 sub
838 2451 994 2511 Romanis
1011 2450 1205 2526 eminebant,
1233 2451 1336 2513 bello-

262 2565 334 2608 rum
350 2547 526 2611 infortunia
540 2566 604 2611 non
620 2543 889 2628 pepercerantil).
907 2549 979 2609 Non
991 2548 1078 2609 enim
1092 2547 1187 2610 modo
1197 2547 1337 2610 Saxones

261 2645 353 2706 annis
367 2663 533 2710 ceccnxvur
556 2653 587 2708 et
606 2665 730 2722 ccxxix,
748 2644 802 2708 sed
827 2645 1007 2708 Normanni
1022 2663 1151 2725 quoque
1173 2663 1225 2707 eas
1240 2646 1337 2725 quin-

262 2743 353 2820 quies
368 2743 451 2804 ferro
466 2750 497 2805 et
511 2743 665 2805 incendiis
679 2742 860 2821 depopulati
870 2742 1074 2821 diripuerunt
1085 2742 1141 2822 (5).
1160 2743 1203 2804 Ut
1222 2743 1339 2805 damna

261 2823 410 2884 resarciat
434 2824 551 2886 misera
569 2822 638 2885 haec
658 2823 778 2897 civitas,
804 2830 835 2884 et
857 2823 948 2901 quasi
968 2830 1153 2884 renascatur
1166 2829 1236 2900 post
1250 2825 1337 2884 exci-

261 2919 362 2994 dium,
379 2937 507 2982 necesse
521 2921 582 2982 erit
596 2920 673 2980 nevi
687 2920 784 2981 duces
792 2920 989 2981 Aremoricae
999 2920 1124 2981 valeant
1138 2921 1335 2994 auctoritate,

263 3017 447 3095 regionique
461 3018 608 3079 desolata
629 3018 832 3079 securitatem
849 3013 992 3078 reddant.
1010 3018 1118 3095 Pagus
1132 3024 1240 3078 autern
1258 3016 1335 3078 Ale-

263 3113 357 3174 tensis
372 3111 427 3192 (6),
451 3115 584 3175 navium
608 3113 843 3176 constructione
866 3121 897 3175 et
914 3121 1086 3175 nautarum
1109 3114 1243 3175 audacia
1257 3113 1337 3176 adeo

263 3208 395 3270 florebat
382 3216 445 3270 tut
459 3228 554 3272 mone
557 3217 603 3272 tas
618 3228 676 3271 suo
690 3210 821 3272 nomine
835 3210 1026 3288 signaret‚e
1028 3216 1205 3287 tregnante
1221 3211 1339 3272 Karolo

264 3306 359 3369 Calvo
380 3307 411 3386 (7
399 3309 435 3388 ι,)
461 3309 530 3388 ejus
553 3308 663 3370 incolae
686 3325 803 3370 novam
826 3307 1044 3370 fundaverunt
1062 3308 1223 3369 civitatem
1251 3306 1339 3371 haud

265 3406 407 3483 procula
430 3423 497 3482 sua,
525 3424 597 3486 qua
617 3405 677 3467 sub
697 3405 829 3467 nomine
851 3422 888 3466 ac
903 3412 952 3466 tut
940 3404 1003 3466 tela
1026 3404 1163 3482 episcopi
1188 3405 1339 3466 Macluvii

264 3520 336 3563 mox
352 3503 387 3564 in
400 3510 523 3566 tantam
538 3520 678 3566 crescere
692 3503 826 3581 gloriam
842 3509 874 3564 et
887 3502 1008 3563 famam
1030 3500 1175 3575 debebat,
1200 3519 1336 3580 qumque

263 3617 396 3661 suorum
411 3600 531 3663 civium
544 3600 756 3662 temeritatem
773 3598 873 3661 veluti
888 3597 1130 3677 praenuntiabat,
1148 3598 1266 3678 quippe
1282 3600 1339 3678 qui

264 3695 432 3774 incognitis
446 3695 564 3758 Oceani
580 3697 728 3776 periculis
743 3695 869 3757 obviam
884 3695 930 3757 ire
951 3713 1016 3756 non
1031 3694 1224 3756 dubitarent.
1340 3708 1392 3814 Δ

320 3876 381 4052 {Ut
393 3892 528 3943 supra
545 3879 648 3941 (8)sAu
649 3892 731 3928 orius.
748 3876 820 3928 Ordo
834 3876 965 3926 nobilium
978 3875 1137 3925 urbium
1149 3875 1182 3937 (3)
1196 3873 1235 3924 Id

343 3939 483 3990 Loerrexu.
505 3879 620 3990 Histoire
642 3940 832 4003 deBretagne.
854 3938 939 3996 Paris,
963 3937 1338 3994 1707,av01umes·1n-totte

326 4017 347 4060 ι’),

296 3877 317 3932 ιι

297 3939 319 4002 (t

287 4001 392 4166 55lt'38
344 4066 386 4114 An
400 4065 453 4118 ata.
467 4066 521 4122 858,
537 4064 591 4114 877
606 4065 660 4122 9t8,
676 4064 729 4114 952.
746 4063 886 4114 Loerrexu.
901 4063 939 4116 38
953 4062 991 4116 52
1007 4061 1045 4118 78,
1061 4061 1100 4117 82

298 4128 332 4258 (553
345 4127 575 4244 {ggffilcifft'ffi'ailtg
586 4141 638 4242 Eleas¹
633 4105 958 4259 ιιιοῐιξιιῧιῖθιιιιςιιιιι.

268 4015 292 4067 Ρ·
