3359 5142
828 729 869 750 .-..
889 701 989 769 68..

798 1027 941 1090 CAPUT
975 1027 1022 1088 IV

374 1265 427 1328 De
442 1263 601 1346 populis
627 1279 715 1326 cum
743 1262 885 1343 quibus
906 1259 1150 1324 exercebatur
1171 1260 1445 1324 commercium

589 1543 616 1590 1.
645 1543 701 1589 DE
730 1541 918 1593 POPULIS
947 1540 1235 1590 CHRISTIANIS
1299 1581 1305 1586 .

823 1775 862 1835 Dc
875 1774 989 1851 Aaplia

411 2006 494 2069 Cum
517 2003 643 2083 populis
671 2003 785 2065 vicinis
803 2003 973 2082 praecipne,
1004 2003 1124 2079 Anglos
1152 2002 1233 2079 dico,
1259 2001 1446 2077 Germanae,

372 2105 477 2181 116161,
496 2103 729 2180 Hispanosque,
747 2101 862 2162 Franci
877 2101 1108 2163 commercium
1122 2100 1319 2163 exercebant.
1376 2099 1380 2106 ’

412 2202 451 2264 16
465 2200 583 2278 Anglia
596 2206 673 2260 tunc
688 2199 795 2260 omnia
805 2200 937 2260 confusa
950 2199 1198 2277 perturbataque
1213 2205 1312 2260 erant.
1329 2199 1450 2276 Exque

372 2299 459 2361 enim
473 2297 578 2360 Caesar
595 2297 755 2358 invaserat
769 2296 979 2372 Britanniam,
1005 2296 1149 2357 barbara
1168 2303 1277 2373 gentes
1299 2295 1450 2356 miseram

371 2397 454 2458 hanc
469 2395 632 2473 regionem
646 2393 785 2458 vicissim
807 2393 1008 2471 diripiebant,
1031 2393 1168 2472 ideoque
1189 2392 1306 2471 Anglia
1326 2392 1448 2466 infelix,

370 2481 515 2555 nondum
533 2493 618 2570 pacis
640 2491 760 2569 otiique
782 2509 920 2570 compos,
943 2492 1135 2554 commercio
1158 2509 1221 2552 non
1250 2489 1448 2569 indulgebat.

311 2665 315 2671 Ι
371 2592 538 2668 Regnante
566 2596 674 2652 autem
703 2588 780 2664 Offa,
814 2607 889 2667 rege
916 2591 1131 2665 Marciorum,
1158 2590 1293 2651 Francia
1321 2595 1353 2649 et
1380 2589 1450 2649 An-

373 2689 444 2767 glia,
462 2705 520 2766 per
534 2705 649 2765 regum
664 2674 848 2762 amicitiam,
859 2705 926 2748 non
937 2689 1068 2749 omnino
1078 2688 1190 2750 alienae
1205 2692 1375 2749 evaserunt
1390 2685 1448 2765 (l).

374 2785 507 2847 Exstant
521 2785 608 2846 enim
631 2783 741 2844 Karoli
765 2783 875 2861 Magni
902 2784 942 2846 ad
961 2783 1066 2846 Offam
1081 2787 1219 2864 epistolae
1234 2786 1273 2847 de
1287 2785 1349 2846 sibi
1371 2784 1450 2846 snb·

369 2883 452 2963 jecto
476 2881 723 2960 Longobardnm
746 2899 820 2959 rege
843 2881 1044 2960 ducibusque
1066 2882 1219 2960 Saxoniae,
1252 2890 1284 2945 et
1301 2884 1340 2945 de
1364 2901 1452 2961 pere-

372 2981 473 3058 grinis
488 2979 600 3058 Anglis
615 2980 672 3058 qni
687 2979 1292 3058 1161666116666111666111661111661)
1307 2999 1344 3042 eo
1359 2987 1453 3041 erunt

373 3077 494 3156 excepti
510 3103 516 3138 :
539 3102 552 3133 1
569 3077 624 3138 sed
639 3077 664 3136 si
680 3077 792 3155 aliqui,
811 3095 876 3138 non
891 3077 1038 3156 religioni
1052 3079 1234 3154 servientes,
1252 3078 1307 3140 sed
1320 3079 1450 3139 lucrum

373 3182 537 3251 sectantes,
555 3174 640 3236 inter
654 3192 706 3235 eos
729 3175 946 3251 inveniantur,
963 3175 1040 3236 locis
1054 3177 1240 3254 opportunis
1255 3182 1374 3238 statuta
1387 3176 1452 3237 sol-

373 3279 449 3335 vant
466 3274 625 3334 telonea.»
644 3273 757 3350 Neque
773 3289 891 3350 parvus
907 3272 950 3351 (2)
968 3279 1036 3334 erat
1050 3291 1164 3336 eorum
1178 3291 1453 3352 numerus,qnum

375 3371 465 3432 urbis
480 3371 593 3432 Romae
608 3387 759 3449 unapars
774 3377 885 3432 vocata
899 3370 996 3430 fuerit
1015 3371 1105 3432 vicus
1122 3371 1295 3448 Saxonum,
1314 3378 1345 3434 et
1359 3370 1455 3433 hodie

376 3470 563 3532 nominetur
578 3468 692 3531 Sassia.

415 3568 491 3630 Non
500 3574 609 3628 antem
623 3583 747 3644 semper
762 3567 875 3628 eadem
889 3567 1007 3628 mansit
1021 3584 1135 3644 regum
1149 3568 1299 3629 amicitia.
1317 3567 1456 3629 Karolns

378 3665 465 3726 enim
479 3680 611 3725 unume
625 3661 732 3723 nothis
746 3662 813 3722 suis
826 3663 981 3723 maritum
996 3662 1071 3725 dare
1085 3664 1186 3725 voluit
1203 3663 1278 3724 filiae
1293 3661 1381 3738 Offae,
1399 3663 1457 3741 qui

378 3762 510 3840 quidem
523 3760 557 3821 id
572 3760 692 3838 accepit
706 3757 761 3840 (3),
779 3776 817 3821 ea
830 3766 940 3822 autem
956 3760 1026 3839 lege
1040 3768 1078 3821 nt
1090 3762 1160 3841 ejus
1178 3760 1266 3821 filins
1289 3759 1454 3836 Bertham,

380 3859 492 3922 Karoli
515 3860 625 3934 filiam,
646 3858 792 3920 nuberet.
816 3858 910 3933 Quod
927 3876 1011 3937 aegre
1028 3860 1133 3920 ferens
1146 3858 1293 3934 Karolus,
1310 3859 1459 3936 pracepit

385 3966 449 4019 «nt
462 3975 557 4019 66166
571 3955 610 4019 de
626 3957 793 4019 Britannia
805 3956 913 4019 insula
920 3974 957 4019 ac
970 3965 1064 4036 gente
1078 3958 1267 4037 Anglorum,
1284 3957 1456 4020 mercimo-

413 4143 446 4268 {lt
460 4142 543 4199 Bono.
560 4140 592 4198 V,
607 4141 660 4198 620,
678 4141 730 4191 616.
743 4168 775 4212 .-
788 4141 852 4190 Β11.
866 4141 955 4213 1·.¹942
971 4141 1025 4191 273.

423 4206 447 4267 1)
463 4203 686 4253 Μ666116116661.
697 4202 969 4259 Mornesd'Occrdent
982 4204 1028 4262 VI,
1049 4204 1099 4254 139.
1115 4232 1144 4241 -
1159 4204 1196 4254 Cf.
1208 4204 1321 4269 epistola
1329 4204 1459 4254 Hadriani

438 4281 463 4317 oe
476 4266 509 4316 ed
523 4265 653 4315 Karalum
668 4264 795 4336 Magnum
808 4265 840 4314 de
856 4265 946 4317 missis
957 4263 1024 4317 Offae
1036 4280 1160 4317 unacum
1173 4267 1264 4318 missis
1279 4266 1459 4317 Karalihono·

384 4281 505 4379 militer
519 4327 610 4377 Romae
625 4332 750 4440 exceptis.
766 4328 849 4399 ¹Bono.
866 4325 898 4384 V,
915 4328 968 4377 589.

416 4391 546 4458 1636116.
563 4389 595 4440 V.
612 4389 694 4448 315,c
715 4402 796 4440 16166.
811 4389 923 4442 Fontan.
939 4390 1011 4456 (788).
