3359 5142
701 627 861 724 ssgq..

247 810 402 895 permisit,
427 811 601 876 sedetiam
624 828 751 874 sacrum
775 811 868 874 illum
892 819 924 874 et
946 811 1118 874 salutarem
1135 811 1253 888 locum,
1279 821 1316 875 ut

246 907 333 1066 gns
355 909 501 986 potestati
528 907 769 986 adscriberetur,
789 910 953 972 concessit.
973 934 987 966 ι
1005 908 1101 972 Haud
1119 909 1210 972 aliter
1227 917 1319 990 poeta

290 1022 329 1066 xo
345 1005 406 1086 (l):
468 1024 472 1030 ¹

384 1135 544 1202 Ascribique
558 1137 644 1187 locum
660 1141 782 1188 sanctum
795 1137 1039 1203 Hierasolymorum

388 1214 525 1266 Concessit
538 1216 629 1268 Karoli
643 1218 759 1282 propriae
773 1231 879 1283 semper
892 1217 993 1268 ditioni.

288 1361 371 1422 Rem
399 1378 474 1422 vero
498 1359 537 1422 ad
565 1361 700 1423 verbum
728 1377 876 1439 accepere
899 1368 995 1436 vates,
1021 1367 1052 1421 et
1079 1359 1235 1423 Karoium
1255 1377 1318 1421 non

249 1443 344 1520 modo
360 1457 590 1537 Hierosolyma>
604 1443 756 1521 rictorem
772 1458 826 1522 sed
840 1477 914 1520 mox
929 1459 1070 1538 primum
1085 1457 1210 1533 ducem,
1223 1475 1261 1520 ex
1275 1447 1321 1518 eis

248 1556 305 1635 qui
320 1574 448 1618 crucem
464 1573 559 1618 sacrae
578 1557 699 1618 militiae
715 1563 823 1618 uotam
837 1557 1022 1630 induerunt,
1047 1555 1246 1617 celebravere
1262 1553 1318 1635 (l).

202 1709 206 1722 ,
288 1653 366 1728 Quae
381 1671 484 1734 quum
512 1653 556 1714 ita
585 1653 656 1728 sint,
683 1653 717 1716 id
745 1672 859 1718 verum
875 1654 1028 1715 exstitisse
1051 1652 1186 1728 videtur,
1204 1651 1322 1714 scilicet

249 1749 335 1830 quod
349 1749 414 1812 duo
428 1751 634 1830 imperatores
649 1767 705 1812 seu
727 1768 784 1830 per
808 1751 966 1813 sinceram
980 1750 1030 1811 sui
1044 1749 1319 1825 existimationem,

250 1863 307 1908 seu
321 1864 376 1925 per
391 1846 621 1922 necessitatem,
639 1864 749 1926 pacem
765 1854 796 1909 et
809 1847 984 1910 amicitiam
997 1847 1082 1908 inter
1095 1863 1162 1908 sese
1175 1863 1321 1908 servave-

251 1953 336 2021 runt,
355 1943 507 2024 quodque
523 1943 662 2006 Orientis
685 1953 716 2007 et
738 1943 915 2006 Occidentis
930 1945 1139 2022 negotiatores
1154 1961 1218 2006 nou
1233 1942 1324 2005 dubi·

251 2046 399 2103 taverunt
412 2043 602 2104 commercio
618 2059 740 2105 vacare.
757 2041 958 2103 Documento
973 2042 1036 2101 sint
1049 2041 1083 2102 in
1098 2040 1230 2103 Francia
1252 2057 1322 2102 ma-

254 2137 347 2213 teriae,
366 2155 445 2219 quas
459 2157 497 2200 ex
512 2137 642 2201 Oriente
665 2139 768 2200 solum
792 2137 938 2202 advectas
959 2136 1033 2199 licet
1060 2137 1199 2213 credere,
1223 2143 1325 2199 vestes

250 2235 420 2310 olosericae,
438 2235 555 2315 quibus
569 2235 643 2298 filiae
668 2243 699 2300 et
721 2254 812 2310 uxor,
831 2236 897 2297 imo
912 2235 972 2314 ipsi
991 2234 1102 2296 Karoli
1125 2235 1234 2314 Magni
1248 2252 1324 2313 pro·

251 2351 338 2396 ceres
355 2334 541 2412 gloriantur,
558 2335 654 2414 pelles
677 2340 708 2396 et
732 2333 872 2412 stragula
894 2327 1092 2407 animalium,
1110 2332 1228 2412 quibus
1252 2349 1325 2393 suas

251 2437 353 2492 vestes
374 2449 488 2492 ornare
511 2430 612 2493 solent
625 2448 715 2510 reges
734 2431 878 2496 doctores
900 2439 932 2492 et
952 2432 1129 2491 sacerdotes
1143 2427 1198 2509 (3).
1216 2429 1325 2491 Docu-

251 2534 360 2590 mento
388 2529 514 2606 species,
546 2527 585 2590 de
608 2528 796 2608 Taprobane
823 2527 927 2608 deque
953 2528 1174 2590 remotissimis
1200 2514 1339 2604 insulis,

252 2623 478 2686 Alexandriam
498 2631 529 2687 et
543 2625 617 2687 inde
638 2626 811 2687 Massiliam
832 2625 981 2700 advectae,
999 2633 1072 2705 quae
1093 2643 1151 2704 pro
1170 2625 1277 2703 culina
1295 2634 1327 2687 et

252 2720 402 2782 remediis
416 2728 480 2782 tam
496 2722 604 2799 magni
617 2723 710 2800 pretii
734 2723 836 2785 ductae
859 2730 958 2798 erant,
983 2730 1019 2784 ut
1040 2724 1138 2784 medii
1153 2723 1211 2784 aevi
1225 2723 1324 2801 scrip-

253 2823 335 2879 tores
350 2817 405 2898 (4),
430 2819 694 2899 quotiescumque
722 2821 907 2900 paradisum
934 2829 990 2884 aut
1017 2822 1231 2883 amenissima
1259 2822 1327 2882 loca

253 2915 444 2992 describunt,
475 2935 512 2978 ea
541 2917 707 2978 arboribus
729 2918 847 2998 species
874 2918 1049 2980 terentibus
1072 2926 1195 2993 ornent,
1226 2925 1326 2996 utque

252 3012 372 3075 Jndaeis
396 3014 558 3076 nonnullae
587 3015 727 3077 civitates
751 3033 808 3095 pro
838 3015 957 3076 tributo
978 3015 1180 3094 imponerent
1202 3021 1325 3081 certum

254 3112 431 3187 specierum
446 3111 570 3190 pondus
587 3112 643 3193 (5).
660 3111 860 3174 Documento
875 3129 1004 3191 quoque
1025 3129 1171 3190 gemmae,
1197 3128 1325 3189 marga·

255 3207 388 3285 ritaeque
403 3215 468 3269 tam
482 3225 660 3270 numerosae
675 3209 709 3269 in
726 3208 937 3270 vestibus'aut
954 3209 988 3269 in
1004 3209 1103 3287 capsis
1118 3207 1327 3286 reliquiarum

255 3303 360 3378 sacris,
391 3311 542 3378 aromata,
570 3311 670 3365 vestes
698 3304 869 3382 splendidae
893 3322 972 3366 auro
999 3310 1193 3382 argentoque
1221 3304 1328 3364 mixtae

255 3400 449 3479 depictisque
464 3407 582 3461 ornatae
597 3399 709 3478 figuris
723 3418 802 3480 quas
817 3401 963 3463 ocellatas
976 3401 1129 3462 vocabant
1139 3407 1244 3479 patres
1257 3417 1326 3460 nos-

256 3497 314 3571 tri3
332 3496 524 3558 documento
534 3497 667 3558 demum
681 3503 800 3575 tapetes
816 3515 876 3558 acu
888 3497 973 3576 picti,
987 3515 1067 3577 quos
1081 3497 1257 3558 sacerdotes
1270 3514 1328 3576 pro

256 3596 322 3655 suis
336 3595 474 3657 ecclesiis
489 3594 694 3672 requirebant
711 3594 767 3675 (6).
794 3594 911 3678 Omna
924 3612 996 3674 quae
1015 3595 1155 3674 proiecto
1168 3612 1327 3656 commer-

257 3690 343 3752 cium
358 3691 441 3753 inter
456 3691 621 3754 Franciam
637 3699 668 3753 et
682 3691 847 3755 Orientem
861 3691 1005 3754 floruisse
1019 3692 1246 3755 demonstrant.

297 3788 391 3850 Haud
405 3789 497 3850 aliter
512 3806 578 3850 sese
608 3807 657 3850 res
682 3788 804 3864 habuit,
825 3790 953 3867 quando
968 3789 1065 3868 patris
1078 3789 1111 3849 in
1125 3787 1231 3849 locum
1252 3805 1327 3848 suc-

337 3972 410 4024 Poet.
427 3973 512 4024 buon.
527 3973 573 4032 IV,
588 3974 626 4024 90.
642 3974 698 4025 Bon
720 3971 813 4026 nstv.
832 3973 882 4023 167.

337 4035 367 4085 G.
383 4035 471 4086 Panis.
487 4049 529 4100 op.
545 4037 590 4086 cit.
606 4035 687 4092 tam
720 4074 725 4084 .

263 4284 453 4400 ”galliatense
488 4286 641 4336 monasteri.
668 4285 695 4336 S.
724 4284 840 4335 Florenti
869 4286 1066 4338 salmuriensis.
1090 4314 1119 4326 -
1144 4286 1280 4340 Macrine.
1296 4285 1328 4338 V.

1238 4431 1253 4482 b
