3359 5142
809 594 969 660 ,36-

351 747 475 826 pondus
502 753 717 826 exposuerunt
722 793 781 806 .....
813 747 922 824 itaque
957 745 1178 806 revocavimus
1201 745 1234 805 in
1265 745 1427 807 civitatem

352 851 494 906 nostram
522 844 735 906 parisiensem
765 843 913 921 antiquas
941 841 1188 904 consuetudines
1216 842 1424 916 camificum,

352 941 462 1018 eisque
476 940 607 1001 omnino
621 945 653 1002 et
666 940 863 1018 integraliter
877 939 1086 1001 reddidimus.
1098 964 1112 995 »
1122 940 1280 1018 Denique,
1299 940 1428 1018 quando
1495 943 1498 948 '

353 1036 532 1115 Stephanus
547 1037 671 1098 Bolaeus
686 1036 717 1095 in
735 1054 838 1097 unum
860 1054 975 1114 corpus
993 1044 1083 1114 coget
1101 1055 1179 1097 usus
1198 1043 1425 1112 mercatorum,

352 1152 466 1196 eorum
482 1135 646 1196 societates
661 1136 853 1213 plerumque
866 1134 1289 1213 antiquissimasdeclarabit
1303 1134 1360 1214 (l).

392 1230 595 1310 Ceteroquin,
614 1233 648 1292 in
669 1231 787 1293 chartis
802 1237 833 1292 et
847 1229 1073 1308 diplomatibus
1086 1227 1326 1303 Karolinorum,
1349 1247 1428 1290 non·

352 1330 456 1390 nullas
469 1329 615 1391 invenire
626 1335 672 1390 est
682 1333 875 1390 memoratas
889 1327 1063 1402 societates,
1081 1325 1277 1388 arcariorum
1297 1327 1425 1402 scilicet,

352 1425 640 1498 arbalestariorum,
659 1423 900 1498 mercenorum,
925 1422 1131 1484 alatariorum
1148 1429 1206 1484 etc.
1232 1411 1276 1502 (2)
1292 1423 1429 1484 Karolus

351 1525 487 1601 Magnus
514 1522 545 1582 in
569 1521 756 1600 capitulario
781 1519 819 1581 de
845 1520 927 1580 villis
950 1518 1055 1582 lab'ros
1083 1519 1240 1594 ferrarios,
1269 1511 1425 1595 aurifices,

352 1620 555 1698 argentarios,
572 1626 707 1694 sutores,
721 1625 907 1692 tornatores,
926 1618 1149 1695 carpentarios,
1167 1618 1331 1693 scutarios,
1348 1619 1428 1680 sice-

352 1724 472 1778 ratores
486 1717 628 1794 aliosque
643 1722 809 1777 enumerat
826 1713 883 1794 (3).
900 1713 1070 1776 Societates
1084 1715 1183 1792 igitur
1192 1716 1343 1794 opificum
1354 1722 1430 1776 tunc

351 1812 502 1890 temporis
533 1810 687 1874 florebant
716 1827 791 1872 cum
824 1810 890 1871 suis
918 1809 1053 1870 ducibus
1081 1811 1320 1891 privilegiisque
1351 1813 1427 1873 suis.

351 1908 444 1982 Quod
458 1909 484 1970 si
506 1915 615 1970 autem
639 1907 831 1969 documenta
851 1925 903 1968 eas
923 1924 994 1968 raro
1015 1917 1205 1984 memorant,
1231 1910 1277 1969 nil
1299 1927 1430 1987 prorsus

348 2005 469 2066 mirum
489 2029 496 2065 :
517 2021 632 2082 nempe
646 2003 816 2076 societates,
836 2003 876 2064 ab
891 2003 1042 2064 omnibus
1056 2007 1206 2084 cognitas,
1236 2005 1347 2066 nullus
1369 2022 1428 2066 no-

353 2102 507 2165 minabat.

819 2289 956 2365 Gprrcmc

390 2498 463 2560 Non
492 2505 601 2576 autem
629 2496 686 2557 soli
708 2496 829 2558 artibus
857 2497 1012 2558 vacabant
1033 2497 1161 2575 opifices
1184 2497 1239 2576 qui
1264 2497 1428 2559 societates

351 2599 435 2658 inter
449 2613 481 2657 se
497 2595 745 2674 conjunxerant3
765 2601 855 2656 erant
869 2595 1154 2674 gyneciaquoque.
1172 2594 1219 2656 Ita
1234 2594 1431 2656 vocabantur

354 2695 429 2756 olim
445 2694 587 2754 textrinae
602 2692 744 2770 publicae,
762 2691 793 2751 in
816 2708 896 2769 quas
910 2691 1038 2752 feminae
1051 2691 1154 2751 noxiae
1169 2697 1199 2751 et
1214 2691 1431 2753 condemnatae

353 2791 393 2853 ad
416 2808 495 2869 opus
522 2789 653 2852 lanificii
680 2789 894 2850 exercendum
923 2788 1154 2850 conveniebant
1184 2787 1240 2867 (4).
1271 2788 1432 2849 Karolinis

355 2886 561 2965 regnantibus
575 2887 709 2965 gynecia
732 2904 797 2946 non
822 2886 927 2947 solum
942 2886 1147 2948 continebant
1165 2885 1301 2947 feminas
1322 2886 1433 2946 noxias

355 2985 521 3046 sedetiam
541 2983 669 3056 servias,
693 2999 793 3061 eaque
819 3001 908 3061 reges
926 3001 964 3044 ac
984 3000 1131 3061 proceres
1154 2980 1219 3042 imo
1243 2982 1381 3060 episcopi
1401 2989 1433 3043 et

356 3080 484 3142 abbates
510 3078 680 3140 habebant.
712 3079 836 3152 Quibus
859 3079 1021 3140 laboribus
1049 3078 1277 3140 incumbebant
1305 3079 1433 3140 feminac

356 3177 543 3254 capitularia
564 3175 752 3236 denuntiant
777 3175 832 3254 (5).
863 3199 876 3229 «
904 3175 986 3236 Item
1015 3175 1143 3236 leminae
1177 3190 1273 3251 opera
1296 3175 1433 3236 textrilia

279 3313 283 3326 .
356 3290 423 3333 nou
443 3271 568 3345 faciant,
594 3289 653 3332 nec
672 3271 819 3348 capulent
837 3271 978 3346 vestitus,
1010 3288 1069 3332 nec
1089 3277 1253 3332 consuent.
1276 3289 1335 3332 nec
1355 3288 1433 3333 acu-

358 3367 464 3446 pictile
480 3367 605 3441 iaciant,
623 3383 682 3427 nec
696 3366 802 3426 lanam
819 3383 958 3444 carpere,
980 3384 1039 3428 nec
1055 3368 1158 3429 linum
1174 3371 1305 3445 battare,
1328 3369 1435 3430 necin

359 3461 486 3540 publico
500 3462 605 3522 lavare
620 3460 818 3536 vestimenta,
837 3478 895 3521 nec
909 3460 1053 3524 berbicas
1068 3465 1198 3528 tondere
1219 3466 1355 3528 habeant
1369 3465 1434 3526 lici·

360 3565 468 3620 tum...
489 3558 539 3619 die
564 3557 732 3632 dominica,
758 3582 771 3612 r
799 3564 829 3618 et
848 3558 939 3618 aliter
958 3556 1002 3639 (6)
1030 3586 1037 3621 :
1067 3563 1148 3623 «Ad
1172 3564 1295 3641 genicia
1316 3570 1433 3638 nostra,

394 3758 427 3820 (l)
441 3757 518 3808 Livre
533 3757 579 3807 des
593 3757 709 3806 metiers.
726 3757 840 3807 Passim.

395 3821 428 3882 (2)
442 3819 563 3898 Cinorus.
583 3818 749 3897 Glossarium
769 3819 863 3869 mediae
886 3823 912 3868 et
934 3819 1032 3872 infimae
1054 3822 1205 3880 latinitatis,
1228 3824 1269 3873 ed.
1293 3823 1333 3875 He
1354 3825 1435 3883 schel,
1494 3797 1546 3902 *fh

365 3895 487 3948 passurs.v
496 3882 641 3932 (tartulorre
655 3880 688 3931 de
700 3884 706 3932 l
718 3882 826 3946 Abboye
842 3882 874 3932 de
887 3881 987 3940 Redon,
1003 3899 1029 3948 p.
1046 3885 1098 3934 383.

396 3945 429 4008 (3)
443 3945 506 3993 Bru.
523 3944 543 4000 I,
560 3943 613 4000 335,
627 3957 684 4008 cap.
699 3944 732 3994 de
745 3945 824 4002 villis,
838 3945 877 3994 45.

365 4072 377 4134 ἕ
389 4008 427 4120 {le
439 4005 776 4127 thursspddgrggsffionssep
792 4008 833 4058 ad.
846 4007 981 4071 juniorem
998 4008 1114 4059 viduam.
1132 4008 1211 4060 Lacr.
1230 4009 1270 4060 De
1286 4015 1363 4062 mort.
1380 4025 1436 4076 per.

365 4134 428 4246 mati)
441 4131 682 4257 gzrhlssllgforltbap.
696 4132 806 4196 Aquisg.
823 4131 887 4195 (789)
899 4132 937 4183 80.
957 4131 995 4182 Cf.
1009 4132 1143 4184 Guinnno.
1163 4134 1321 4201 Polyptique
1332 4135 1437 4186 d'lrmi·

398 4234 430 4322 (6)
445 4233 508 4306 bri.
524 4233 563 4307 De
575 4232 689 4307 villisht
703 4270 761 4324 sup.
