3359 5142
807 587 967 655 ,38-

351 747 442 804 e'rant
455 739 620 802 fabrorum
636 740 692 818 qui
701 740 904 815 ferramenta,
918 740 1146 801 scrutarierum
1160 741 1218 820 qui
1228 743 1423 820 operimenta

349 829 515 913 librorum,
533 837 734 899 sellariorum
748 837 805 916 qui
820 838 911 899 sellas
921 854 1089 915 equorum,
1106 837 1263 915 pistorum
1278 839 1334 917 qui
1350 858 1420 902 cer-

350 944 420 997 tum
434 929 554 1014 panum
564 951 749 1010 numerum,
764 942 910 996 sutorum
919 934 976 1014 qui
991 921 1205 996 calceamenta
1214 936 1422 1013 famulorum,

348 1031 536 1094 lanistarum
551 1031 608 1109 qui
629 1031 781 1109 sagimen,
805 1031 965 1092 fullonum
991 1031 1047 1109 qui
1062 1031 1157 1108 filtra,
1176 1031 1351 1110 pellificum
1369 1033 1427 1112 qui

349 1129 455 1208 pelles,
472 1128 648 1189 vinitorum
664 1129 721 1206 qui
735 1129 848 1189 vinum
868 1133 899 1189 et
914 1128 1031 1203 oleum,
1053 1146 1235 1207 cauponum
1255 1130 1312 1210 qui
1326 1131 1425 1191 cervi-

348 1210 429 1270 siam
443 1207 648 1270 fabricabant.
671 1209 709 1268 ln
724 1209 891 1286 specialem
907 1208 1014 1269 vicum
1030 1208 1282 1272 admittebantur
1295 1211 1426 1272 adveuae

340 1306 571 1385 negotiatores.
602 1305 768 1368 Mon-achis
795 1305 906 1382 igitur.
937 1303 1183 1366 Centulensibus
1207 1306 1252 1385 (l)
1281 1312 1426 1384 prompta

350 1411 439 1465 rante
463 1404 572 1464 omnia
593 1403 678 1464 intra
701 1403 845 1464 domum.
862 1401 1075 1480 'Plerumque
1103 1420 1179 1464 vero
1207 1404 1290 1465 circa
1314 1420 1425 1464 eorum

349 1501 440 1563 sedes
455 1501 523 1562 sitae
536 1507 626 1562 erant
640 1499 766 1561 fabricae
776 1499 938 1577 opiticum,
952 1499 1046 1560 certis
1061 1500 1222 1578 religionis
1235 1500 1426 1561 caerimoniis

349 1604 506 1676 oertaeque
531 1596 705 1676 disciplinae
726 1595 961 1669 adstrictorum
984 1603 1015 1656 et
1033 1596 1138 1657 solum
1159 1614 1217 1674 pro
1236 1597 1428 1658 monasterio

347 1694 572 1756 laborantium.
602 1695 651 1774 Ita
679 1693 809 1768 sensim,
840 1692 993 1771 opificum
1023 1693 1151 1754 familiis
1180 1694 1326 1769 collectis,
1345 1713 1427 1755 verne

350 1790 445 1852 nrbes
473 1797 529 1852 aut
561 1791 750 1852 creabantur
777 1796 833 1851 aut
861 1789 1121 1864 renovabantur3
1160 1789 1297 1867 exempli
1325 1791 1427 1867 gratia

348 1887 565 1963 Abbatisvilla,
590 1887 747 1965 Redones
768 1888 964 1962 Treoorium,
986 1886 1093 1949 Sancti
1113 1887 1220 1948 Brioci
1242 1886 1363 1962 lanum,
1383 1893 1424 1960 et,

347 1983 379 2044 in
410 1984 615 2059 universum,
646 1985 824 2047 lereomnes
851 1984 1007 2059 civitatee,
1041 2001 1113 2062 quae
1141 1983 1201 2044 sub
1228 1983 1427 2046 invocatione

247 2127 251 2135 f
349 2081 457 2145 sancti.
474 2081 643 2162 cujusdam
667 2083 807 2144 lundatae
835 2083 990 2144 fuerunt:
1022 2082 1296 2161 quemadmodum
1321 2090 1429 2145 nostra

348 2185 534 2257 tempestate
549 2197 681 2258 magnas
695 2180 791 2241 urbes
801 2181 867 2241 tere
877 2180 981 2242 subito
991 2187 1195 2258 exsurgentes
1205 2187 1235 2242 et
1250 2187 1424 2244 crescentes

347 2274 454 2335 videre
469 2281 515 2336 est
528 2290 626 2354 prope
641 2276 775 2337 fabricas
791 2274 849 2354 (ἲ).

387 2369 478 2430 Tales
499 2388 573 2448 ergo
596 2369 657 2432 loci
677 2378 767 2432 erant
788 2370 845 2432 ubi
868 2378 924 2432 aut
949 2371 1077 2448 opifices
1100 2374 1248 2436 societate
1278 2375 1364 2436 inter
1392 2391 1425 2435 se

346 2465 517 2545 conjuncti,
535 2473 590 2528 aut
606 2466 732 2528 feminae
754 2485 812 2545 per
829 2466 964 2546 gynecia
978 2466 1135 2545 dispersae,
1151 2476 1206 2530 aut
1221 2469 1349 2548 opifices
1366 2469 1423 2547 qui

347 2561 511 2622 monachis
526 2563 713 2638 serviebant,
732 2564 835 2624 varias
851 2562 1040 2626 exercebant
1054 2571 1147 2626 artes,
1165 2566 1275 2627 Restat
1290 2577 1326 2626 ut
1342 2565 1425 2626 dica·

348 2678 420 2720 mus
434 2659 544 2739 quales
559 2667 663 2722 essent
679 2661 798 2722 artium
813 2661 949 2722 fructus.

555 2958 593 3018 lle
618 2957 733 3018 ortibus
755 2975 820 3034 qua
841 2968 974 3034 spectent
995 2959 1035 3018 od
1058 2958 1213 3019 alimento.

389 3225 496 3286 Pauca
523 3223 654 3302 quidem
682 3223 832 3304 husjusoe
857 3225 1007 3304 temporis
1035 3229 1159 3287 exstant
1188 3223 1380 3285 documenta
1408 3241 1426 3285 e

348 3320 466 3399 quibus
481 3321 678 3399 conjecturas
692 3320 809 3382 ducere
825 3338 924 3399 queas
937 3321 976 3382 de
990 3321 1112 3383 artibus
1125 3321 1166 3383 ad
1185 3321 1337 3382 alimenta
1350 3339 1425 3399 per-

347 3415 532 3478 tinentibus.
550 3417 622 3477 Duo
637 3425 744 3478 tamen
769 3435 807 3478 ex
828 3418 1075 3496 omnitempore
1098 3418 1243 3479 floruisse
1265 3417 1423 3494 videntur,

349 3513 539 3574 salsamenta
553 3513 673 3576 scilicet
687 3515 908 3593 potionesque.

389 3611 434 3672 llx
450 3629 513 3689 quo
529 3611 616 3672 enim
632 3613 734 3674 Varro
750 3610 794 3692 (3)
811 3611 922 3674 Galliae
936 3629 1059 3691 pernas,
1077 3613 1273 3689 romaninas,
1289 3614 1428 3676 laniacas

348 3715 380 3768 et
393 3709 579 3787 petasiones‚
598 3715 731 3788 postque
753 3726 828 3770 eum
844 3708 957 3771 Strabo
976 3707 1032 3788 (4),
1055 3709 1235 3787 Sequanica
1254 3711 1427 3773 laudavere

347 3804 545 3879 salsamenta,
563 3807 673 3866 carries
688 3805 776 3866 salsae
791 3821 960 3884 nunquam
977 3805 1109 3866 fuerunt
1123 3806 1331 3870 sinenomine
1342 3808 1429 3886 apud

379 4005 412 4067 (l)
426 4004 464 4053 Gt.
479 4004 613 4054 Goinsno.
630 4003 789 4116 Polvptiguc
805 4004 961 4059 [l'lrminon.
976 4019 1001 4068 p.
1019 4005 1072 4054 410.

379 4067 412 4139 (2)
427 4067 590 4117 Documento
610 4067 664 4117 siut
683 4067 719 4118 Le
759 4069 854 4122 reuzot
879 4067 1050 4123 Decazeville,
1078 4067 1177 4122 Indret.
1202 4067 1333 4126 Roubaix,
1357 4070 1427 4118 Tur·-

349 4133 529 4252 coglllgllffircno.
545 4191 584 4240 De
600 4205 627 4240 re
642 4191 742 4242 rustica
755 4191 790 4248 Il,
807 4191 828 4241 l.

381 4253 413 4318 (l)
428 4253 539 4305 Srnueo.
556 4253 602 4311 IV,
618 4254 640 4312 3,
657 4255 679 4303 i.
