3359 5142
703 591 865 654 „15-

243 740 373 820 palatini
389 741 528 802 ministri
543 742 668 821 ipsique
683 741 822 820 episcopi
836 759 901 801 non
916 740 1012 801 modo
1030 740 1050 801 J
1053 740 1160 801 ndaeos
1174 740 1320 819 benigne,

244 837 417 912 habebant,
444 839 615 901 sedetiam
639 856 751 900 eorum
776 839 935 898 industria
959 845 989 899 et
1014 854 1109 915 opere
1137 837 1321 900 utebantur.

244 937 445 998 Documento
466 937 505 998 sit
519 937 623 1015 lepida
639 937 683 1016 (l)
698 935 849 997 monachi
864 935 1077 1013 sangallensis
1091 934 1326 998 historiuncula

245 1033 283 1094 de
298 1034 439 1112 quodam
455 1035 613 1112 episcope,
635 1035 692 1113 qui
709 1052 728 1095 a
748 1034 767 1095 J
772 1033 862 1094 ndaeo
885 1051 1011 1094 murem
1026 1033 1182 1093 consitum
1197 1051 1325 1094 aroma-

244 1129 329 1191 tibus
344 1149 400 1210 pro
411 1149 483 1192 raro
492 1131 621 1194 animali
638 1139 770 1206 emerat,
785 1131 909 1192 ridente
920 1131 1047 1192 Karnlo.
1064 1131 1135 1192 lmo
1146 1131 1325 1192 sacerdotes

244 1226 409 1292 interdum
433 1228 472 1289 ad
496 1228 528 1289 id
553 1228 776 1290 familiaritatis
797 1227 1041 1303 descendebant,
1072 1235 1110 1288 ut
1136 1246 1226 1289 sacra
1252 1246 1328 1290 vasa

245 1325 367 1386 iudaeis
388 1325 527 1388 vendere
546 1343 609 1386 non
635 1325 819 1388 dubitarent
842 1324 899 1405 (9),
920 1325 999 1388 adeo
1018 1335 1053 1385 ut
1071 1326 1219 1400 Karalus,
1243 1343 1327 1388 anno

246 1440 363 1496 ncccrr,
390 1440 538 1484 severum
568 1430 677 1484 contra
704 1441 757 1484 eos
785 1423 920 1485 ediderit
947 1422 1183 1500 capitularium,
1213 1424 1328 1502 «qnia

246 1519 370 1581 dictum
385 1519 477 1581 nobis
492 1520 579 1599 quod
593 1521 805 1600 negotiatores
818 1521 837 1582 J
840 1519 924 1581 udaei
939 1537 1065 1581 necnon
1080 1528 1111 1581 et
1125 1521 1179 1582 alii
1193 1521 1329 1599 glorian-

249 1626 302 1678 tur
317 1618 414 1696 qnod,
431 1617 591 1697 quidquid
604 1619 650 1680 eis
665 1619 795 1697 placeat,
813 1619 935 1697 possint
948 1618 988 1679 ab
1003 1619 1048 1679 eis
1062 1636 1180 1680 emere.
1200 1644 1213 1673 b

288 1715 522 1776 Nullnsautem
539 1733 683 1794 unquam
694 1716 713 1777 J
718 1716 816 1777 udicis
833 1715 935 1794 magis
948 1715 1026 1776 lavit
1043 1733 1140 1794 quam
1156 1716 1329 1795 imperator

247 1811 430 1873 Ludoviens
454 1813 543 1872 Pius.
569 1813 630 1874 Eos
653 1813 739 1874 enim
765 1813 858 1890 qnasi
881 1811 1065 1890 publicanos
1083 1822 1114 1874 et
1134 1813 1330 1874 tributorum

247 1916 445 1987 perceptores
465 1910 646 1972 instituerat
661 1908 705 1989 (3)
729 1934 742 1964 r
765 1911 810 1971 ita
829 1917 866 1971 nt.
883 1909 1039 1989 deinceps,
1066 1911 1159 1971 annis
1182 1911 1327 1988 singulis,

248 2012 304 2066 ant
319 2013 387 2084 post
402 2006 542 2066 duorum
557 2024 715 2068 annorum
732 2007 941 2083 curriculum,
954 2007 1126 2068 mandante
1140 2003 1329 2068 missionum
1361 2055 1366 2091 ,

248 2102 405 2176 ministre,
431 2103 471 2164 ad
495 2112 640 2165 nostrum
665 2105 795 2165 verriant
818 2105 982 2182 palatium,
1006 2112 1102 2183 atque
1126 2105 1166 2165 ad
1190 2111 1331 2166 nostram
1362 2140 1365 2157 .

209 2197 211 2204 ’
249 2217 409 2261 cameram
432 2199 580 2262 fideliter.
607 2226 619 2256 r
647 2201 821 2262 Nonnullis
845 2219 975 2280 quoque
999 2202 1140 2263 maxima
1166 2201 1332 2280 privilegia

249 2298 426 2358 contulerat
448 2298 650 2362 nominatim.
673 2317 761 2360 nunc
780 2298 905 2360 Donato
921 2298 1035 2373 Rabbi,
1052 2298 1247 2377 Samuelqne
1262 2300 1332 2378 ejus

249 2395 355 2473 nepoti
372 2395 430 2476 (l),
461 2413 548 2457 nunc
569 2395 691 2458 ludatis
715 2396 908 2474 Septimanca
936 2396 1079 2458 Gaudico
1103 2397 1238 2476 ejusque
1264 2397 1332 2457 filio

248 2491 347 2554 Jacob
370 2501 400 2554 et
426 2494 573 2569 Vivacio,
603 2511 689 2555 nunc
707 2493 839 2555 demum
859 2494 905 2575 (5)
924 2493 1080 2555 Davidem
1103 2502 1134 2556 et
1152 2493 1331 2572 losephnm

249 2595 346 2668 atque
367 2591 597 2652 Ammonicum
612 2591 844 2670 Lugdunenses
858 2591 919 2652 sub
943 2591 1125 2654 defensione
1139 2609 1176 2653 ac
1196 2593 1331 2653 tuitione

250 2687 382 2767 suscipit
397 2696 428 2749 et
443 2688 569 2751 retinet.

292 2783 376 2858 Quid
391 2785 511 2863 plura?
532 2804 598 2848 non
613 2787 709 2848 modo
723 2787 854 2848 Judaeos
875 2786 963 2849 haud
979 2805 1069 2850 secus
1084 2805 1121 2849 ac
1136 2785 1333 2848 Christianos

250 2880 387 2942 ducebat
400 2882 582 2960 imperator,
600 2883 655 2944 sed
671 2883 767 2944 etiam
782 2883 911 2962 qnando
926 2883 1145 2947 Christianum
1160 2885 1334 2962 quemdam

252 2978 403 3056 peculiari
427 2980 529 3056 gratia
550 2980 675 3042 volebat
697 2997 840 3055 onerare,
862 3006 875 3035 r
893 2980 938 3060 (6)
958 2980 1050 3043 liceat
1073 2981 1112 3055 ei,
1129 2979 1242 3055 aiebat,
1263 2988 1333 3042 tan-

252 3075 489 3154 quamdudum,
506 3077 649 3155 partibus
670 3077 778 3156 palatii
799 3079 900 3139 nostri
920 3078 1058 3140 fideliter
1071 3077 1244 3152 deservire,
1262 3087 1294 3139 et
1308 3080 1333 3139 si

252 3171 401 3234 vehicula
415 3173 500 3235 infra
518 3181 626 3236 nostra
640 3191 747 3252 regna,
765 3193 822 3253 pro
836 3174 953 3235 nostris
967 3193 1167 3253 suorumque
1186 3175 1334 3237 militati·
1349 3172 1353 3233 l

252 3269 323 3341 bus,
349 3272 532 3349 negotiandi
555 3290 659 3348 causa,
692 3290 810 3350 augere
837 3273 986 3348 voluerit,
1016 3271 1177 3333 licentiam
1206 3273 1332 3350 habeat,

253 3367 441 3446 nullamque
456 3369 616 3430 dationem
632 3387 737 3450 neque
752 3369 785 3430 in
801 3370 891 3431 nullo
905 3370 973 3431 loco
988 3369 1018 3430 ei
1033 3370 1155 3431 faciatis
1175 3371 1336 3432 teloneum

253 3463 397 3526 reddere.
417 3490 430 3520 r
457 3465 511 3528 Nil
535 3465 635 3544 igitur
648 3467 767 3527 mirum
784 3467 810 3526 si
826 3466 1050 3544 Lugdunensis
1068 3468 1233 3546 episeopus
1246 3469 1336 3545 Ago-

253 3559 372 3622 bardus
385 3563 544 3642 scripserit
558 3564 668 3638 iratus,
683 3564 727 3644 (7)
742 3564 762 3625 J
766 3563 873 3625 udaeos
888 3582 955 3625 sese
964 3564 1004 3626 ab
1015 3564 1205 3643 imperatore
1219 3565 1337 3625 melius

254 3675 352 3736 quam
368 3667 472 3721 essent
486 3658 659 3740 Christiani
673 3659 799 3722 habitos
812 3659 986 3735 veriditare,
1003 3668 1036 3722 et
1054 3660 1220 3722 ostendere
1234 3667 1337 3722 vestes

300 3843 306 3892 l
335 3843 470 3902 Bouounr,
485 3841 518 3892 V.
535 3843 585 3894 tlt.
601 3841 671 3894 Mon.
688 3843 715 3894 S.
731 3843 801 3894 Gall.
818 3845 839 3894 l.
858 3844 895 3894 18.

297 3906 311 3983 2
337 3906 400 4017 gru.
414 3907 502 4018 {dm
514 3919 574 3971 cap.
590 3909 611 3964 t,
629 3907 694 3970 (806)
707 3909 729 3956 5.

361 3984 400 4018 ru.
449 4007 454 4018 .

335 4029 470 4088 Bonoussr,
487 4029 534 4080 VI.
550 4031 605 4081 649.
623 4030 748 4083 Ludorici
765 4031 806 4081 Pii
821 4030 949 4096 diploma.

299 4095 306 4102 '
337 4093 471 4150 Boaounr,
487 4092 534 4143 Vl.
551 4094 606 4152 650,
623 4096 677 4145 ott.

338 4155 471 4212 Bouourr,
489 4154 535 4210 Vl.
549 4157 603 4205 (illl.
619 4157 733 4229 Diplom.
750 4156 816 4205 Lud.
832 4156 883 4206 Pii.
900 4170 934 4206 an
948 4157 1002 4208 tat.

340 4217 473 4275 Bouourr,
494 4217 539 4274 Vl,
560 4219 613 4268 36³.
635 4219 745 4269 Bibliot.
767 4218 838 4268 Patr.
864 4219 937 4269 XIV.
955 4221 1001 4270 255
1018 4218 1131 4286 epistota
1150 4217 1285 4283 Agobnrdi
1304 4217 1338 4270 ud

262 4277 301 4330 Lu
323 4280 427 4332 oricum
445 4278 523 4330 Pium
536 4279 568 4331 de
582 4281 725 4332 insolentia
739 4280 906 4332 tudaeorum.
