3359 5142
843 527 1003 591 ..13-

782 741 864 816 lcpcs
884 741 917 799 iu
939 740 1063 799 ludaeos.

427 916 618 994 Ceteroquin
640 916 846 978 severissima
866 916 901 975 in
924 933 977 980 eos
995 915 1088 992 leges,
1110 921 1140 976 et
1160 915 1287 994 quando
1308 917 1460 994 potentis-

387 1015 460 1075 simi
488 1013 651 1088 ssorebant
678 1031 910 1091 nonnunquam
934 1013 1059 1074 fuerant
1084 1013 1164 1089 latae,
1191 1031 1263 1091 quae
1286 1014 1460 1092 precariam

388 1112 548 1173 efficerent
571 1128 683 1173 eorum
705 1111 928 1172 conditionem.
948 1111 1078 1172 Judaeos
1100 1111 1462 1190 enim'derelinquebant

389 1228 487 1288 reges,
505 1209 562 1270 ubi
584 1210 629 1270 eis
649 1227 728 1286 opus
749 1227 813 1269 non
829 1210 897 1288 jam
912 1215 991 1270 erat.
1014 1207 1093 1270 lude
1109 1214 1154 1269 tot
1165 1208 1303 1284 decreta,
1321 1226 1460 1286 quorum

388 1325 460 1386 pars
481 1305 519 1368 ad
540 1324 652 1368 eorum
672 1307 868 1384 dignitatem,
890 1324 962 1385 pars
979 1306 1019 1367 ad
1034 1307 1131 1368 vitam
1150 1306 1297 1384 bonaque
1311 1307 1458 1384 pertinet.

428 1405 558 1466 Judaeos
581 1404 668 1466 enim
691 1404 768 1464 viles
791 1421 828 1465 ac
849 1403 1078 1465 abominandos
1105 1403 1247 1465 habuere
1275 1401 1458 1464 Christiani.

389 1501 587 1579 Agobardus,
606 1519 718 1562 eorum
733 1501 825 1579 quasi
844 1502 1013 1580 peculiaris
1030 1503 1192 1577 inimicus,
1210 1500 1347 1580 postulat
1361 1501 1406 1581 (l)
1422 1519 1459 1562 ex

388 1599 563 1677 Agathensi
584 1606 670 1660 sexto
693 1599 826 1661 concilio
847 1601 925 1680 (nvi)
944 1607 975 1662 et
994 1601 1171 1678 Epaonensi
1186 1601 1318 1662 concilio
1334 1599 1457 1680 (nuru),

389 1704 425 1757 ut
444 1696 582 1758 seniores
595 1697 702 1758 clerici
716 1697 773 1775 qui
791 1697 936 1758 convivio
951 1698 1085 1759 ludaico
1100 1697 1315 1765 interfuerint,
1332 1715 1459 1758 excom-

389 1795 595 1856 municentur
608 1813 664 1872 per
679 1812 810 1870 annum,
827 1795 1035 1875 junioresque
1049 1796 1209 1874 vapulent,
1226 1813 1306 1856 neve
1324 1795 1343 1856 J
1346 1795 1429 1855 udaei
1443 1812 1462 1855 a

389 1909 479 1954 coena
500 1891 604 1970 prima
628 1909 730 1971 usque
754 1892 794 1953 ad
817 1891 967 1970 pascham
991 1911 1047 1970 per
1061 1891 1179 1972 plateas
1206 1892 1382 1954 ambulent.
1400 1891 1461 1952 Sed
1517 1882 1536 1957 ’.

388 1991 449 2068 ipsi
463 2007 561 2067 reges,
581 1991 638 2068 qui
652 1990 791 2051 maxime
811 1990 933 2051 Judaeis
951 1991 1109 2067 faverunt,
1132 1991 1246 2052 talibus
1260 1983 1461 2052 contumeliis

389 2087 437 2148 uti
461 2104 525 2148 non
548 2086 709 2164 dedignati
727 2093 823 2148 sunt:
856 2088 994 2148 Karalus
1017 2089 1153 2166 Magnus
1180 2089 1266 2150 enim
1289 2089 1458 2161 intereos,

389 2202 469 2262 quos
497 2185 537 2246 ad
564 2185 739 2246 accusanda
767 2183 894 2262 publica
920 2185 1055 2246 crimina
1076 2185 1160 2263 leges
1183 2203 1248 2246 non
1275 2184 1458 2258 admittunt,

389 2289 581 2345 annumerat
604 2307 617 2337 a
635 2301 743 2344 omnes
758 2283 855 2342 etiarn
874 2283 1014 2344 infamiae
1035 2283 1169 2344 maculis
1183 2300 1350 2360 respersos,
1367 2282 1400 2342 id
1415 2289 1462 2343 est

390 2379 570 2455 histriones,
596 2397 632 2440 ac
656 2379 907 2458 turpitudinibus
930 2379 1086 2460 subjectas
1110 2397 1265 2458 personas,
1297 2377 1462 2440 haereticos

389 2477 485 2538 etiam
509 2477 574 2538 sive
596 2493 733 2555 paganos
756 2477 823 2537 sive
840 2476 1014 2539 ludaeos.»
1041 2478 1111 2538 Imo
1130 2476 1289 2539 connubio
1304 2476 1463 2539 interdicit
1496 2531 1501 2543 ,

389 2574 460 2649 dlis,
491 2580 527 2634 ut
554 2591 572 2635 a
599 2573 814 2635 fundamentis
843 2592 917 2635 mox
946 2581 1078 2636 eruatur
1106 2575 1217 2652 religio
1244 2573 1380 2636 Judaica
1403 2572 1460 2653 (i),

389 2689 506 2750 eosque
530 2671 570 2732 ad
588 2671 621 2732 id
642 2671 770 2732 adducit
793 2678 829 2731 ut
853 2690 920 2733 sese
939 2673 1100 2750 sacrilegio
1120 2673 1292 2751 perjurent,
1313 2678 1368 2732 aut
1386 2689 1462 2732 con-

390 2767 488 2829 nubia
510 2786 576 2829 non
596 2768 663 2846 jam
687 2767 813 2843 ducant,
839 2768 975 2848 ideoque
998 2769 1220 2847 dispereant.»
1246 2768 1338 2842 Quod
1354 2768 1390 2843 si,
1408 2767 1461 2843 ait,

390 2865 509 2943 absque
524 2865 740 2926 benedictione
755 2866 935 2940 sacerdotis,
960 2867 1132 2945 quisquam
1148 2864 1401 2927 Christianorum
1415 2864 1465 2925 vel

393 2961 603 3022 Hebraeorum
624 2962 748 3023 noviter
762 2963 950 3042 conjugium
965 2962 1100 3038 duxerit,
1118 2970 1173 3024 aut
1188 2969 1317 3024 centum
1331 2961 1466 3040 principi

314 3100 319 3108 -
392 3059 506 3119 solidos
521 3059 668 3133 exsolvat,
681 3067 736 3120 aut
751 3066 879 3120 centum
894 3060 1077 3122 verberatus
1088 3060 1213 3138 publice
1226 3059 1349 3138 flagella
1364 3059 1465 3119 susci-

392 3157 467 3234 piat.
487 3181 499 3211 n
519 3155 638 3216 Omnes
653 3156 760 3234 igitur,
779 3174 860 3234 quos
875 3157 1029 3218 excitabat
1043 3158 1076 3216 in
1091 3157 1220 3218 Judaeos
1234 3164 1289 3218 aut
1305 3157 1466 3234 privatum

392 3252 503 3313 odium
524 3259 580 3314 aut
593 3253 684 3313 furor
702 3253 858 3314 fanaticus
875 3272 938 3320 nort
955 3254 1181 3316 dubitaverunt
1195 3272 1248 3315 eos
1267 3253 1467 3315 contumeliis

393 3351 583 3432 injuriisque
601 3368 733 3412 onerare
751 3351 893 3429 impune.
915 3352 954 3412 In
973 3352 1174 3414 meridionali
1190 3351 1280 3430 regni
1295 3358 1383 3429 parte
1397 3368 1466 3411 mos

393 3449 573 3511 invaluerat
593 3447 808 3526 colaphizandi
825 3448 976 3509 Judaeum
991 3467 1095 3510 unum
1109 3450 1298 3528 intempore
1314 3447 1464 3526 paschali.

396 3545 487 3619 Quod
509 3562 592 3623 agre
611 3545 746 3606 ferentes
769 3545 914 3606 Tolosani
937 3546 1042 3607 Judaei
1063 3544 1106 3625 (3)
1124 3545 1163 3606 ad
1182 3563 1290 3623 regem
1312 3545 1467 3606 Karolum

397 3642 546 3705 Crassum
552 3644 671 3721 legatos
678 3643 844 3718 miserunt,
857 3661 897 3704 ne
907 3643 1028 3703 diutius
1037 3643 1070 3704 id
1080 3645 1259 3720 tolerarent,
1273 3644 1326 3705 sed
1337 3643 1465 3704 frustra.

396 3740 435 3799 In
453 3740 532 3800 urbe
553 3739 725 3801 Biterrensi
746 3738 903 3817 lapidibus
922 3739 1028 3801 obruti
1047 3747 1146 3816 erant,
1168 3748 1198 3802 et
1216 3740 1415 3802 solummodo
1434 3740 1467 3800 in

397 3854 481 3898 anno
497 3855 577 3898 nrccx
590 3855 656 3899 sese
671 3837 724 3898 tali
741 3837 861 3898 teloneo
877 3839 1016 3900 eximere
1031 3846 1202 3917 potuerunt
1218 3840 1273 3919 (4).

443 4018 462 4116 ξ)
478 4018 644 4070 Asculanos.
657 4019 696 4068 De
709 4017 725 4068 J
728 4018 821 4092 udaica
829 4021 1026 4084 superstitione.

442 4083 465 4206 ΒΞ
479 4081 783 4194 ggfflffisnlddgffi
796 4090 893 4209 gulltla
903 4084 978 4201 2llita,
993 4145 1019 4195 S.
1031 4145 1189 4197 Theodardi.

442 4207 464 4271 i)
475 4206 628 4256 Varssarra.
645 4205 712 4257 Hist.
728 4207 763 4256 du
777 4206 945 4272 Languedoc,
964 4209 1028 4260 1160.

430 4020 439 4081 (

433 4084 441 4142 t

432 4145 440 4206 (

433 4207 441 4274 i
