3359 5142
696 573 857 639 ..67-

280 722 366 784 Urbs
381 724 495 800 vicina,
509 725 662 802 Bononia,
676 726 753 788 olim
767 727 849 786 Itius
865 726 991 801 Portus,
1007 725 1209 800 Quantowici
1222 727 1315 792 heres

234 821 330 883 fuisse
344 820 489 898 videtur3
507 841 545 885 eo
566 824 667 903 magis
682 842 747 903 quo
760 823 946 902 diligentius
961 825 1107 887 Karoliui
1127 827 1197 906 ejus
1220 846 1313 891 eom-

235 919 337 980 modis
358 920 495 998 fatisque
516 921 741 983 inservierunt.
767 922 905 983 Karalus
933 921 1023 983 enim
1047 924 1184 1001 Magnus
1212 941 1314 1004 supra

234 1017 343 1078 ruinas
358 1018 465 1092 turris
484 1035 583 1096 quam
599 1017 741 1096 Caligula
762 1019 802 1080 ad
817 1018 971 1095 regendos
987 1018 1031 1096 (1)
1051 1020 1184 1082 navium
1200 1040 1314 1084 cursus

168 1185 177 1202 ο
234 1114 434 1190 excitaverat,
467 1114 607 1193 pharum
633 1116 816 1198 instaurari,
844 1115 953 1193 ibique
979 1123 1175 1179 nocturnum
1204 1119 1312 1197 ignem

235 1213 365 1273 accendi
377 1213 471 1294 jussit
486 1211 541 1292 (2).
558 1213 626 1275 Sub
650 1203 747 1292 reguo
763 1213 872 1275 Karoli
896 1213 1064 1292 Simplicis,
1091 1215 1244 1277 Bononiae
1257 1233 1312 1277 eo·

233 1327 301 1370 mes
315 1311 532 1389 Erkeugarius
542 1329 672 1390 operam
686 1311 772 1373 dedit
783 1311 1102 1373 utcivitasmaenibus
1112 1313 1305 1391 cingeretur,

233 1424 393 1486 navesque
415 1407 732 1490 protegerenturffl).
763 1409 870 1488 Atque
897 1408 968 1470 ideo
992 1409 1076 1471 inter
1103 1409 1254 1488 Angliam
1279 1419 1312 1471 et

235 1505 402 1569 Franciam
417 1507 508 1584 quasi
523 1507 690 1568 vinculum
712 1525 786 1568 mox
802 1507 884 1568 facta
909 1513 964 1580 est,
983 1507 1117 1587 ejusque
1140 1507 1253 1569 incolae
1267 1507 1312 1569 di-

237 1602 319 1662 vitiis
334 1611 364 1664 et
378 1604 583 1681 prosperitate
599 1604 806 1665 eminuerunt
821 1602 878 1683 (l).

277 1701 387 1763 Restat
404 1707 440 1761 ut
461 1701 665 1763 nominemus
689 1701 926 1764 Deuerstadum
940 1719 1013 1781 quae
1032 1703 1141 1764 fuerat
1163 1703 1249 1779 olim,
1278 1709 1316 1764 ut

236 1798 378 1874 credunt,
405 1799 518 1861 Wicus
539 1800 745 1874 Batavorum,
773 1817 861 1861 nunc
879 1806 988 1861 autem
1017 1801 1312 1879 atyn-telimas-

154 1931 159 1941 ·
239 1895 321 1956 tedte
350 1902 458 1956 exstat.
488 1895 527 1956 Iu
555 1896 616 1959 hac
635 1896 725 1970 urhe,
753 1914 825 1974 quae
847 1896 1081 1976 quinquaginta
1109 1906 1140 1960 et
1168 1900 1315 1977 quinque

237 1992 383 2054 ecclesias
398 1993 587 2068 continebat,
606 2011 696 2071 reges
710 1994 941 2055 collocaverant
964 1995 1076 2055 missos
1091 2003 1123 2056 et
1137 1996 1315 2057 monetaria

236 2090 440 2151 instituerant
455 2091 511 2170 (5).
529 2092 606 2170 Ejus
620 2098 729 2152 eutem
749 2109 813 2152 non
833 2090 928 2169 longa
940 2091 1002 2151 fuit
1022 2092 1176 2154 felicitas:
1195 2110 1310 2170 nempe

238 2188 419 2250 Normanni
440 2189 554 2266 saepius
578 2205 649 2248 eam
671 2188 854 2265 depopulati
882 2196 974 2263 suut,
1001 2196 1097 2266 atque
1119 2189 1189 2250 ideo
1214 2188 1313 2249 subiit

238 2285 441 2361 oblivionem,
458 2302 564 2364 neque
579 2303 723 2363 uuquam
740 2284 883 2345 rediviva
903 2285 1012 2345 evasit.

277 2383 367 2443 Tales
382 2383 481 2459 igitur
504 2389 594 2443 erant
615 2382 767 2460 praecipui
791 2381 932 2442 Francia
945 2392 1065 2460 portus,
1084 2400 1164 2461 quos
1183 2365 1313 2446 adibant

237 2480 377 2541 advenae.
396 2480 491 2541 Nunc
512 2493 620 2540 autem
635 2479 772 2540 Francos
796 2479 830 2537 in
855 2478 932 2538 alias
956 2479 1100 2556 regiones
1127 2497 1311 2557 sequamur,

237 2595 372 2656 quaeque
387 2577 570 2638 commercii
583 2577 710 2637 vincula
721 2577 804 2635 inter
819 2568 954 2653 patriam
969 2577 1111 2654 aliasque
1126 2585 1244 2654 gentes,
1257 2598 1315 2641 seu

236 2674 433 2748 christianas,
457 2693 511 2736 seu
533 2674 720 2751 religionem
741 2673 929 2734 Mahumedi
948 2673 1095 2749 colentes
1127 2675 1315 2737 exsisterent

237 2773 413 2836 videamus

268 2953 538 3019 (l)Snlsrori1us.Cali
559 2991 564 3002 .
581 2954 619 3002 36.

268 3018 301 3080 (2)
314 3018 396 3075 Boua.
413 3015 444 3072 V,
461 3016 500 3074 til,
517 2968 571 3073 2333,
587 3015 641 3073 260,
656 3010 709 3064 323.
721 3042 750 3051 —
762 3015 885 3065 Chronic.
901 3015 977 3066 Ailou
991 3016 1048 3067 8ll.
1061 3044 1092 3076 -,
1108 3016 1251 3065 Aimoniai.
1265 3016 1312 3070 IV.

236 3079 274 3130 99.
296 3108 325 3117 -
350 3079 469 3128 Annales
498 3079 670 3133 Francorum,
690 3105 719 3114 -
742 3077 862 3127 Annales
882 3077 1022 3127 Metenses.
1051 3107 1080 3115 -
1104 3079 1202 3128 Ecum.
1224 3077 1314 3129 Revue

236 3142 439 3205 archeologique
461 3141 527 3198 1863,
543 3154 568 3204 p.
585 3140 638 3189 431.
661 3167 691 3176 -
712 3139 833 3206 Monere.
850 3141 942 3189 Annae
956 3140 1103 3205 historiqne
1117 3141 1149 3190 de
1164 3141 1313 3205 Boutogne·

237 3205 359 3261 sur-Mer,
373 3204 404 3252 29
415 3202 513 3267 juillet.
527 3230 556 3239 —
571 3202 682 3251 Baraza.
696 3202 717 3258 l,
733 3202 786 3251 tot.

268 3267 300 3329 (3)
317 3267 420 3317 Sunius
437 3267 451 3315 5
466 3265 516 3314 lev.
531 3264 576 3314 att
588 3265 634 3314 vit.
651 3264 677 3314 S.
692 3264 763 3313 Bert.
778 3264 817 3321 il,
832 3265 870 3314 Ὦ.

268 3330 302 3392 (l)
317 3330 399 3386 Boua.
417 3327 465 3384 IX,
479 3329 517 3377 65.
532 3326 654 3376 Chaonio.
670 3326 786 3377 Alberic.

267 3393 300 3457 (5)
314 3391 353 3442 Id.
370 3389 416 3448 Vl,
433 3391 484 3440 329.
501 3389 541 3440 Ex
556 3390 622 3438 actis
638 3389 664 3439 S.
681 3387 808 3438 Friderici
823 3389 941 3454 episcopi
957 3388 989 3438 de
1004 3388 1069 3438 Lud.
1088 3389 1143 3440 Pio.

1358 1154 1478 1286 ott
