3359 5142
700 587 862 652 —dl-

281 737 431 801 Monachi
460 757 535 800 vero
560 757 616 818 per
640 739 815 820 privilegia,
844 759 918 802 mor
938 760 957 803 a
981 739 1162 802 Chlodoveo
1185 741 1324 802 secundo

242 833 430 899 confirmata
453 838 509 918 (1),
535 838 575 899 ad
597 838 629 899 id
652 839 839 900 divitiarum
861 846 1075 918 pervenerunt
1104 831 1142 900 nt
1171 839 1324 900 invidiam

242 933 397 998 comitum
419 937 617 998 Parisiorum
636 937 668 997 in
685 955 716 998 se
732 937 943 1000 confleverint
959 966 965 999 z
984 937 1208 1000 Soaniclrildus
1225 939 1325 1015 igitur

239 1023 273 1095 ¹et
291 1034 452 1096 Gallridus
476 1052 495 1096 a
520 1035 688 1114 monachis
703 1033 915 1098 obtinuerunt
935 1043 970 1097 ut
984 1037 1146 1098 licentiam
1170 1035 1325 1097 haberent

242 1133 429 1210 requirendi
459 1133 619 1194 tributum
635 1140 776 1212 quatuor
798 1135 1007 1195 denariorum
1034 1152 1054 1196 a
1074 1134 1326 1211 negotiatoribus

240 1227 359 1305 liberis,
392 1230 536 1308 quinque
552 1249 570 1292 a
585 1232 693 1305 servio,
713 1232 767 1292 sed
787 1239 913 1292 tantum
938 1232 971 1291 in
995 1240 1139 1311 tempore
1166 1231 1240 1292 belli
1266 1231 1322 1308 (2).

243 1327 359 1388 Paucis
374 1335 442 1406 post
458 1328 552 1390 annis
567 1329 649 1390 alins
664 1347 770 1390 comes
795 1329 958 1390 Gerardns
976 1328 1056 1390 illud
1072 1329 1230 1390 tributum
1246 1330 1325 1390 etin

242 1432 384 1504 tempore
398 1428 484 1504 pacis
500 1427 617 1488 exsolvi
642 1427 754 1487 voluit.
771 1425 880 1487 Ahhas
898 1417 1008 1487 autem
1024 1427 1182 1488 Fulradus
1204 1445 1326 1488 norum

242 1541 349 1600 regem
373 1524 548 1602 Pippinum
571 1524 681 1598 adivit,
704 1517 796 1604 cujus
816 1524 973 1585 referebat
996 1524 1135 1585 ecclesiae
1158 1523 1325 1602 indulgere

241 1621 335 1699 eique
358 1622 453 1683 simul
483 1622 639 1700 suggessit
664 1622 799 1700 antiqua
827 1621 1010 1700 diplomata,
1032 1640 1106 1700 qna
1129 1641 1194 1696 rex,
1216 1621 1326 1682 audito

242 1717 383 1780 Gerardo
397 1719 516 1781 iterum
531 1719 731 1781 confirmavit
748 1718 899 1798 (occani).

282 1815 391 1890 Quum
406 1824 515 1878 autem
531 1817 702 1892 Gerardus,
725 1816 854 1895 Pippini
870 1817 1034 1878 decretum
1050 1816 1097 1877 nil
1120 1834 1247 1892 curans,
1266 1817 1324 1877 tri-

241 1911 320 1974 buta
335 1932 353 1975 a
367 1914 618 1992 negotiatoribus
632 1915 751 1974 iterum
768 1914 917 1990 eixgeret,
937 1914 1095 1975 Fnlradus
1110 1913 1229 1976 iterum
1239 1915 1326 1974 misit

242 2011 282 2070 ad
297 2011 472 2089 Pippinum
495 2011 670 2072 Adrulfum
694 2018 725 2071 et
749 2011 968 2088 ltodegarinm
992 2011 1167 2072 monachos
1189 2009 1245 2089 (3),
1268 2014 1327 2090 spui

242 2109 367 2170 comitis
395 2109 572 2189 nequitiam
603 2109 813 2186 deplorarent.
846 2109 915 2170 Rex
937 2109 1045 2186 igitur,
1066 2134 1079 2163 «
1096 2127 1205 2171 secum
1229 2127 1325 2188 repn-

245 2207 338 2266 tando
359 2207 493 2286 antiqua
516 2207 689 2286 privilegia,
718 2207 1013 2286 vetustissimosque
1034 2208 1219 2268 traditiones
1234 2207 1289 2286 (i),
1310 2231 1323 2262 i

242 2321 306 2364 non
326 2303 483 2366 dubitarit
504 2305 623 2365 iterum
643 2304 834 2365 sententiam
860 2323 919 2382 pro
939 2305 1133 2364 monasterio
1155 2304 1251 2365 ferre.
1273 2304 1326 2365 Lis

242 2411 361 2476 autem,
387 2409 423 2462 ut
449 2402 586 2475 ridetur,
611 2420 736 2480 semper
757 2410 825 2463 erat
854 2402 915 2462 suh
937 2402 1071 2481 jndice:
1098 2402 1218 2462 Decem
1240 2403 1327 2463 enim

242 2506 312 2575 post
327 2499 420 2558 armis
436 2499 673 2559 Karlomannus
688 2499 737 2559 sui
754 2499 852 2576 patris
875 2498 1015 2576 Pippini,
1042 2507 1073 2559 ct
1088 2517 1172 2559 anno
1188 2517 1326 2560 ccccxxv

243 2595 381 2656 Karolus
391 2596 528 2674 Magnus
543 2596 654 2657 eadem
669 2596 903 2657 confirmabant
917 2597 1085 2674 privilegia
1099 2598 1155 2676 (5),
1173 2597 1326 2673 Negotia-

245 2701 325 2754 tores
349 2694 457 2770 igitur,
476 2694 711 2755 monachorum
733 2701 764 2755 et
787 2712 901 2771 regum
926 2693 985 2754 sub
1001 2694 1110 2767 nitela,
1134 2695 1327 2754 monasterio

243 2799 347 2852 tantas
361 2793 537 2853 attulerunt
552 2810 636 2870 opes,
656 2793 750 2854 ateis
766 2792 916 2852 monachi
933 2798 1044 2852 contra
1068 2792 1167 2852 solem
1183 2799 1238 2852 ant
1254 2792 1326 2870 plu-

244 2889 338 2964 viam,
357 2907 472 2968 magna
488 2906 565 2950 cura
581 2896 611 2950 et
626 2890 780 2968 impensa,
798 2891 905 2950 forum
921 2896 1040 2949 tectum
1056 2889 1302 2949 construxerint.

283 2989 467 3062 Quinetiam
482 3007 556 3049 mox
571 2989 640 3050 aliae
662 2996 775 3050 creata
792 2989 925 3049 luerunt
939 2988 1102 3062 nundinae,
1120 2989 1180 3049 sub
1195 2988 1326 3049 nomine

244 3087 397 3147 feriarum
419 3085 624 3160 indictarum,
643 3086 762 3164 quihus
777 3085 899 3164 primes
914 3086 1032 3147 sensirn
1056 3104 1092 3146 ac
1107 3086 1226 3146 sensim
1249 3085 1326 3147 aho-

242 3185 306 3244 litae
321 3183 464 3244 fuerunt.
489 3183 571 3244 Sunt
586 3184 644 3261 qui
659 3189 789 3243 narrent
804 3183 961 3244 Karolum
978 3184 1145 3260 Magnum,
1164 3182 1271 3244 relatis
1288 3200 1326 3243 ex

244 3281 321 3342 Asia
336 3279 443 3355 clavis,
461 3298 577 3341 corona
592 3281 702 3358 spinea
717 3289 853 3342 etcruce
869 3278 998 3354 Christi,¹
1012 3280 1164 3359 pretiosas
1178 3279 1236 3340 has
1251 3279 1327 3340 reli-

244 3378 336 3457 quias
351 3377 473 3438 dedisse
488 3378 697 3452 monasterio,
717 3385 748 3438 et
761 3384 794 3437 ut
809 3377 888 3437 urbs
902 3377 998 3438 nimis
1008 3377 1124 3454 exigua
1142 3377 1328 3454 peregrinos

245 3494 356 3556 omnes
377 3476 544 3554 exciperet,
558 3475 720 3536 nundinas
737 3475 769 3534 in
781 3474 832 3534 die
848 3474 968 3535 indicta
982 3474 1154 3548 creavisse3
1173 3474 1259 3534 unde
1273 3491 1328 3534 no·
1382 3481 1388 3491 ’

244 3591 320 3634 meu
340 3573 495 3634 feriarum
519 3573 714 3634 indictarum
732 3571 787 3651 (6).
807 3573 979 3632 Neminem
995 3589 1071 3631 vero
1084 3571 1161 3630 latet
1175 3587 1194 3631 a
1209 3571 1328 3631 Kar-olo

245 3673 362 3748 Magno
372 3670 566 3732 Palestinam
574 3688 742 3748 nunquam
752 3670 923 3744 visitatam,
936 3669 1073 3746 ideoque
1085 3669 1236 3746 reliquias
1246 3688 1328 3729 nun-

245 3787 344 3847 quam
352 3768 577 3829 relatasfuisse.
589 3769 726 3863 Karolus
736 3767 852 3847 Calrns
862 3784 992 3845 qnoque
1004 3766 1164 3827 innulinas
1173 3768 1328 3828 creavisse
1402 3774 1407 3785 “

281 3979 284 3986 ,
326 3927 455 3976 Firmius.
472 3925 511 3974 Id.
529 3926 617 3990 places
628 3927 693 3988 just.
710 3924 755 3974 Vl.

286 4000 310 4052 ι)
326 3989 451 4052 Diplornu
465 3987 583 4062 Pippini.
600 3989 732 4046 Bororer.
750 3987 781 4043 V,
797 3989 852 4038 fian.

326 4052 456 4100 Facimus.
483 4065 498 4099 r.
515 4052 552 4100 oi.

325 4065 786 4178 Diplomassiprpiuii.'›tt.Bororar.
806 4111 836 4168 l'.
853 4113 907 4162 toa.
1019 4173 1023 4182 Ι
1146 4172 1155 4184 ‚
1217 4174 1221 4183 Ι
1321 4173 1326 4183 Ι

325 4176 448 4240 Diplorna
469 4174 619 4225 Carlonrani
635 4175 707 4238 (769).
725 4174 857 4232 Borprrr.
878 4174 909 4230 V,
923 4175 977 4224 713.
992 4172 1117 4238 Drploma
1132 4171 1223 4224 lxarolr
1237 4170 1327 4236 Magni

173 4275 184 4288 .
247 4243 256 4304 (
315 4278 320 4287 .
337 4239 469 4296 Bocousr.
486 4238 518 4290 ll.
534 4239 590 4288 729.

328 4302 459 4354 Docecar.
476 4300 566 4368 antiq.
581 4315 606 4368 p.
625 4299 690 4351 1208.
