3359 5142
700 641 740 652 ..
761 603 799 670 33
819 643 860 652 ..

246 755 433 817 servitutem
448 754 609 816 interdum
631 763 733 823 esseut
762 755 885 818 reducti
907 773 926 817 a
944 755 1186 834 potentioribus.
1208 755 1316 818 Docu-

242 858 349 912 mento
373 852 437 912 sint
455 851 600 930 quinque
622 852 775 914 Ludovici
797 853 849 914 Pii
870 851 996 926 ohartae,
1030 869 1086 929 per
1113 869 1193 930 quas
1215 851 1319 914 reddit

140 958 145 968 ·
242 947 421 1010 libertatem
436 947 624 1009 homiuibus
638 966 720 1028 quos
741 950 873 1011 comites
888 949 1010 1010 autulii
1025 949 1116 1010 missi
1130 949 1247 1028 injuste
1262 948 1319 1010 de-

243 1046 386 1107 tinebant
402 1046 457 1126 (1).
489 1046 579 1108 Servi
602 1047 711 1126 igitur,
738 1065 794 1108 seu
819 1048 943 1122 Franci,
968 1065 1027 1108 seu
1049 1047 1243 1124 alienigena,
1274 1048 1319 1108 nil

243 1142 331 1203 aliud
345 1150 434 1204 erant
449 1160 546 1221 quam
563 1161 613 1206 res
629 1144 717 1218 viles,
734 1144 871 1223 ideoque
885 1144 1053 1206 materiam
1067 1143 1253 1222 prebebant
1267 1162 1321 1206 ne·

244 1241 464 1317 gotiatoribus

284 1338 487 1414 Enumeratis
508 1336 657 1399 omuibus
677 1339 883 1400 arbustorum
906 1347 962 1399 aut
982 1338 1172 1400 animalium
1195 1341 1321 1417 generi-

121 1418 123 1426 ’
152 1519 156 1528 Ι
244 1433 314 1509 bus,
333 1434 371 1495 de
386 1434 503 1511 quibus
518 1436 551 1495 in
567 1436 699 1498 Francia
714 1446 790 1500 tuno
813 1437 909 1500 fiebat
923 1439 1163 1514 commercium,
1181 1447 1322 1501 mentem

246 1533 285 1594 ad
300 1532 427 1594 metalla
447 1533 659 1599 adventamus.

689 1776 725 1835 Dc
747 1776 887 1836 ractullia

290 1983 403 2046 Strabo
415 1983 459 2064 (2)
476 2002 532 2045 nos
546 1984 636 2046 docet
650 1985 735 2063 apud
749 1984 909 2047 Tarbellos
922 1985 956 2044 in
972 1985 1063 2046 fossis
1076 2003 1141 2046 non
1151 1985 1213 2047 alte
1224 1983 1327 2050 ductis

250 2084 382 2162 reperiri
403 2084 537 2145 laminas
552 2085 624 2145 auri
639 2102 773 2145 manum
797 2083 966 2161 implentes
986 2083 1100 2162 exigua
1115 2101 1190 2144 cum
1211 2102 1326 2162 repur-

250 2183 384 2261 gatione,
396 2199 514 2243 aurum
529 2199 657 2261 quoque
672 2183 705 2242 in
720 2181 876 2243 Cebcnuis
890 2188 921 2242 et
931 2181 963 2240 in
980 2181 1142 2259 Pyrenaeis
1153 2180 1324 2254 montibus,

252 2280 337 2357 apud
352 2279 545 2358 Tectosages
572 2279 724 2352 Rutenos,
749 2275 959 2355 Gabalesque.
983 2275 1076 2349 Quod
1099 2275 1140 2337 ad
1159 2282 1328 2354 argeutum

253 2378 374 2451 attinet,
393 2377 541 2456 quamvis
564 2375 724 2436 Diodorus
744 2374 872 2435 nullum
896 2374 1029 2434 omnino
1051 2380 1221 2450 ar‘gentum
1235 2371 1329 2433 eilodi

252 2473 407 2552 significet
418 2471 472 2552 (3),
494 2471 618 2533 Plinius
635 2479 737 2532 tamen
749 2469 973 2552 (bargonium
988 2469 1098 2531 Gallim
1111 2471 1230 2531 laudat.
1248 2470 1329 2546 Reg-

252 2571 402 2631 nantibns
417 2570 578 2632 Karolinis
593 2568 631 2628 de
645 2567 696 2627 his
712 2567 848 2627 metallis
863 2567 908 2627 nil
926 2567 986 2628 tale
1010 2565 1150 2627 refertur
1163 2583 1182 2626 a
1195 2564 1328 2642 scripto-

253 2666 350 2740 ribus,
370 2665 597 2741 neminemque
625 2663 700 2723 latet
721 2659 766 2721 uil
791 2660 887 2722 hodie
911 2680 1074 2740 superesse
1089 2663 1203 2724 simile.
1227 2664 1329 2724 Tran-

254 2779 380 2823 seamus
409 2761 506 2838 igitur
534 2760 574 2820 ad
594 2759 723 2820 utiliora
752 2759 889 2834 metulla,
915 2760 1096 2837 plumbum,
1114 2769 1275 2837 stannum,
1300 2767 1331 2822 et

253 2878 401 2939 cuprum.
418 2859 528 2932 Quum
544 2857 743 2934 Dagobertus
760 2858 805 2936 (5)
826 2857 923 2934 (atino
938 2859 1073 2937 oexxxr)
1089 2858 1328 2919 monasterius.

253 2955 400 3034 Dyonisii
415 2962 553 3034 quatuor
568 2954 655 3015 mille
669 2954 766 3015 libras
781 2954 905 3032 plumbi
920 2955 1117 3030 concesserit,
1135 2962 1172 3016 ut
1192 2955 1331 3017 ecclesiae

253 3057 335 3112 tecta
369 3057 609 3123 renovarentur,
644 3067 751 3111 nonne
780 3049 860 3110 illud
892 3048 1032 3128 diploma
1067 3059 1200 3112 testatur
1235 3070 1331 3113 renas

254 3147 377 3226 plumbi
393 3155 467 3208 tnnc
482 3147 635 3208 exstitisse
646 3149 658 3207 ‘l
670 3147 765 3208 Haud
779 3147 870 3209 aliter
880 3166 937 3226 pro
948 3155 1079 3208 stanno:
1099 3142 1229 3202 Exstant
1243 3141 1332 3202 enim

255 3245 367 3306 litterar
388 3244 435 3324 (6)
460 3244 591 3306 Adriani
612 3259 699 3322 papae
719 3243 758 3303 ad
774 3243 931 3304 llarolnm
956 3244 1111 3318 Magnum
1130 3237 1247 3316 quibus
1276 3255 1330 3297 co-

255 3341 341 3418 piam
365 3339 468 3400 stanui
490 3339 660 3416 efflagitat:
683 3354 769 3414 «pro
788 3337 888 3414 ipsius
907 3337 988 3398 atilae
1008 3338 1041 3398 S.
1065 3335 1153 3396 Petri
1182 3341 1263 3395 tecto
1291 3334 1329 3394 V.

255 3435 444 3496 Excellentia
469 3435 560 3494 uobis
582 3442 628 3494 est
654 3433 792 3512 pollicita
813 3433 951 3510 dirigere
972 3433 1076 3494 stanni
1098 3432 1195 3493 libras
1218 3431 1328 3491 mille:

255 3532 352 3592 simili
365 3533 461 3593 modo
485 3540 516 3593 et
539 3532 679 3593 itherius
694 3532 770 3592 alias
785 3531 873 3591 mille
891 3530 988 3591 libras
1011 3530 1149 3607 dirigere
1171 3527 1328 3606 promisit,

256 3646 312 3706 pro
339 3647 404 3707 quo
425 3631 600 3707 petimus..
633 3637 668 3690 ut
695 3630 801 3707 ipsum
830 3635 980 3689 stannum
1005 3627 1097 3688 nobis
1118 3626 1255 3703 dirigere
1275 3624 1331 3703 ju-

256 3723 394 3786 beatis.»

287 3907 320 3969 (Ι)
335 3907 417 3965 Boeo.
438 3907 483 3961 Vl.
498 3909 578 3964 esa-8,
597 3909 635 3964 43,
652 3908 689 3966 lt,
706 3907 743 3962 48,
760 3907 798 3964 lb,
815 3906 852 3956 50.

262 3969 445 4084 ¹9ti)98rua1uq.
462 3971 547 4083 husi,
562 3973 585 4020 8.
602 3999 630 4008 -
646 3970 692 4020 lV.
710 3971 728 4024 l.
749 3970 783 4019 13.
800 3997 828 4005 -
842 3970 866 4022 ι2.
878 3969 902 4019 b.
922 3995 951 4006 -
970 3970 992 4023 3,
1012 3969 1031 4018 l.
1046 3967 1084 4018 Cf.
1103 3965 1165 4016 Cori.
1180 3963 1279 4018 Tlreotl,
1297 3967 1330 4026 X,

291 4071 296 4088 ‚
330 4061 379 4079 .-
408 4047 450 4088 .0.
483 4074 488 4088 ,
522 4071 527 4082 .

288 4095 320 4156 (3)
335 4095 476 4145 lirooouus.
492 4094 523 4145 V.
537 4095 576 4145 27.

288 4158 320 4216 (4)
336 4157 449 4206 anrus.
466 4171 556 4211 xxxin.
574 4158 612 4206 23.

153 4199 322 4316 d><it
337 4219 447 4269 llmrun.
465 4220 580 4268 llistoirc
594 4219 626 4292 fle
642 4220 667 4268 la
680 4219 791 4269 Chimie.
809 4218 829 4274 l.
846 4219 899 4269 352.

290 4283 322 4344 lb)
339 4283 419 4342 liceo.
435 4281 465 4340 V.
481 4283 533 4334 50¹).
551 4281 680 4350 Epistola.
694 4283 732 4334 li.

292 4327 299 4348 b
