3359 5142
688 632 850 694 ..59-

266 785 314 846 De
329 783 508 862 Campaniae
520 800 594 843 vero
609 788 640 841 et
655 781 823 852 lilandriar,
836 772 1110 856 quemadmodum
1129 768 1168 830 de
1180 765 1310 828 celebri-

226 883 286 944 bus
310 881 344 943 et‘
361 880 558 960 perantiquis
577 879 706 952 Gibraei,
728 885 783 940 arnt
804 873 922 937 montis
947 868 1162 933 Bibracteusis
1177 868 1233 947 (l),
1252 873 1308 927 aut

228 979 420 1057 Vindonragi
437 978 491 1057 (2),
511 978 714 1056 aliorumque
742 977 886 1038 locorum
913 968 1077 1040 nundinis,
1110 966 1154 1027 nil
1183 972 1308 1027 eertum

228 1074 394 1150 habemus,
412 1075 474 1136 nisi
489 1073 574 1153 quod
594 1073 760 1152 scriptores
784 1069 993 1132 historiarum
1012 1081 1064 1123 eas
1089 1068 1196 1140 utpote
1223 1060 1308 1123 anti·

226 1172 299 1250 quis
313 1171 486 1250 privilegiis
501 1177 627 1232 ornatas
643 1186 768 1246 semper
782 1170 973 1228 memorant.

242 1333 245 1340 ,
267 1268 369 1330 Causa
392 1276 502 1330 alitem
526 1268 630 1328 bisin
658 1265 853 1344 temporibus
871 1268 970 1323 exstat
993 1279 1065 1340 quae
1088 1259 1309 1320 nundinarum

228 1383 403 1428 numerum
417 1364 563 1442 augebat,
589 1361 860 1441 peregrinationes
874 1359 944 1420 dico
963 1366 994 1419 et
1009 1357 1221 1436 reliquiarum
1239 1355 1309 1416 cul-

227 1469 308 1524 tum.
326 1463 531 1540 Ubicumque
548 1462 634 1522 enim
651 1461 816 1539 episcopus
835 1466 892 1521 aut
915 1455 1093 1517 monachus
1113 1454 1186 1513 viter
1207 1459 1310 1513 anste-

227 1559 319 1620 ritate
334 1559 534 1638 egregiisque
550 1557 723 1618 virtutibus
739 1558 941 1628 inclaruerat,
967 1554 1037 1632 ejus
1057 1568 1173 1628 corpus
1195 1549 1309 1609 multi-

228 1655 305 1716 tudo
334 1655 504 1716 verebatur
528 1662 559 1715 et
584 1653 740 1714 visitabat.
767 1652 929 1728 Principio
953 1666 1083 1727 prorsus
1108 1646 1218 1722 religio
1245 1646 1311 1706 sola

228 1752 384 1813 excitabat
398 1751 592 1830 peregrinos,
618 1769 758 1830 qnorum
775 1767 932 1811 numerus
947 1746 1025 1808 adeo
1040 1744 1149 1818 crevit,
1171 1750 1206 1802 nt
1221 1760 1311 1821 reges

227 1848 421 1926 capitulariis
436 1866 489 1909 eos
510 1854 674 1925 protegere
689 1847 869 1921 debuerint,
890 1870 903 1899 a
920 1845 960 1905 Et
975 1841 1020 1920 (3)
1035 1841 1183 1902 similiter
1197 1839 1311 1901 consti·

228 1944 360 2018 luimus,
385 1942 464 2003 dixit
480 1942 645 2022 Pippinus,
664 1949 709 2015 nt,
728 1942 811 2019 ipsos
833 1958 890 2018 per
910 1939 1033 2002 nnllam
1050 1939 1247 2000 occasionem
1271 1937 1311 1998 ad

228 2046 337 2116 pontes
353 2039 402 2100 vel
418 2040 560 2100 exclusas
575 2038 742 2099 detineatis
757 2055 815 2098 nec
830 2037 936 2097 ullum
957 2038 1123 2098 teloneum
1147 2037 1192 2097 eis
1215 2034 1307 2095 tolla·

168 2147 169 2151 ’
230 2137 311 2196 tis»
342 2137 425 2196 Item
450 2136 598 2226 Karolus‘
618 2137 756 2213 Magnus
776 2134 844 2214 (4);
873 2159 886 2189 «
912 2135 1036 2196 Placuit
1060 2152 1100 2195 ne
1128 2132 1311 2212 peregrinos

230 2239 429 2294 transeuntes
449 2233 621 2310 quisquam
645 2231 824 2310 inquietare
849 2239 1031 2309 prasumat,
1058 2232 1168 2310 eisque
1196 2247 1310 2290 nocere

227 2328 380 2390 audeat...
398 2329 490 2402 Quod
505 2330 531 2388 si
546 2330 663 2408 aliquis
678 2331 940 2408 presumptiosior
958 2330 1055 2390 luerit
1069 2329 1127 2408 qui
1142 2327 1310 2406 peregrino

227 2426 409 2488 nocuerit...
427 2427 457 2488 ei
471 2427 635 2505 sigillatim
649 2446 725 2489 cum
746 2445 804 2488 sua
827 2428 895 2506 lege
917 2427 1134 2505 comperiat.»
1158 2426 1224 2503 lpsi
1238 2443 1309 2485 mo-

228 2521 324 2582 nachi
340 2527 370 2582 et
385 2522 522 2602 episcopi
533 2523 650 2585 dabant
665 2542 793 2602 operam
808 2531 844 2584 ut
859 2525 1019 2601 peregrini
1035 2524 1115 2585 bene
1130 2523 1309 2601 exciperen-

227 2624 291 2692 tur,
304 2618 397 2679 sicuti
412 2619 607 2681 demonstrat
622 2621 761 2681 formula
775 2621 932 2694 Marculti,
951 2638 1016 2698 qua
1030 2619 1206 2698 peregrinis
1221 2618 1306 2696 epis·

227 2715 297 2794 copi
313 2723 529 2776 commeatum
545 2725 575 2778 et
591 2719 684 2796 quasi
708 2719 862 2779 viaticum
877 2717 1079 2796 suppeditant
1093 2718 1137 2796 (5)
1153 2743 1160 2776 :
1182 2740 1195 2770 «
1210 2734 1308 2794 prop·

229 2819 312 2874 terea
327 2813 530 2891 cognoscatis
549 2815 738 2876 sanctissimi
755 2822 870 2893 patres,
888 2814 947 2876 has
963 2815 1094 2888 litteras,
1114 2821 1159 2888 ut,
1179 2812 1308 2891 quando

226 2909 266 2970 ad
281 2910 480 2971 sanctitatem
504 2918 642 2972 vestram
665 2911 797 2986 venerit,
826 2910 943 2971 melius
965 2909 994 2970 ei
1017 2910 1161 2983 credatis,
1184 2917 1215 2970 et
1236 2909 1308 2970 ideo

225 3006 424 3067 mansionem
439 3007 468 3067 ei
484 3013 515 3068 et
529 3008 647 3079 focum,
666 3024 781 3085 panem
805 3013 836 3068 et
858 3023 978 3085 aquam
992 3006 1101 3084 largiri
1116 3006 1306 3084 dignemini,

227 3112 257 3164 et
277 3111 385 3181 postea
400 3104 468 3165 sine
488 3105 669 3167 detentione
693 3105 722 3166 ei
748 3104 840 3166 liceat
862 3104 902 3165 ad
930 3104 998 3165 loca
1016 3109 1200 3164 sanctornm
1220 3103 1309 3164 festi-

227 3217 314 3260 nare.
334 3223 347 3254 u

267 3298 308 3358 at
323 3298 410 3358 enim
425 3298 584 3376 peregrini
600 3315 712 3358 omnes
727 3315 791 3356 non
807 3298 902 3358 unice
917 3297 1013 3358 rebus
1028 3298 1189 3376 religionis
1203 3297 1307 3358 inser-

226 3394 377 3458 viebant:
398 3395 532 3458 Omissis
550 3394 773 3457 «cultionibus
796 3401 827 3455 et
850 3396 1072 3472 mangonibus,
1093 3421 1107 3451 a
1125 3396 1182 3475 qui
1198 3402 1308 3473 utpote

226 3493 383 3570 peregrini
413 3492 634 3554 discurrebant
663 3491 717 3570 (ii),
748 3497 839 3552 erant
867 3510 997 3569 qnoque
1019 3492 1231 3570 negotiatores
1251 3491 1307 3570 qui

226 3589 456 3650 commercium
472 3588 662 3649 exercebant
677 3588 737 3648 sub
759 3587 862 3665 specie
878 3587 1050 3664 religionis
1069 3589 1205 3650 Necesse
1220 3587 1306 3648 enim

225 3685 321 3746 flebat
349 3685 405 3765 (7),
429 3686 630 3747 multitudini
655 3703 751 3764 prope
784 3691 967 3746 sanctorum
993 3686 1146 3764 reliquias
1178 3703 1307 3763 congre·

225 3842 394 3955 R(llllevue
408 3843 564 3907 historique,
584 3843 616 3892 l‘r
628 3843 746 3892 numero.
763 3842 887 3892 Bibracte
900 3849 927 3892 et
939 3842 963 3892 le
977 3848 1051 3893 1uout
1063 3843 1192 3908 Beurray,
1209 3857 1258 3908 pru
1277 3843 1304 3892 C.

250 3920 475 4030 pgpgrppgm
495 3967 564 4022 llist.
578 3967 610 4018 de
627 3968 779 4020 Beuucairo.
796 3968 831 4030 pl.
845 3967 884 4017 il.

256 4031 288 4091 (3)
304 4031 415 4081 Baraza.
431 4031 451 4086 Ι,
473 4030 522 4086 lii,
538 4045 595 4093 syn.
607 4030 687 4080 Vern.
701 4031 772 4093 (ii-i).
786 4031 824 4078 io.
838 4029 896 4086 -Ι,
915 4030 966 4086 tto,
983 4044 1041 4096 rap.
1059 4031 1186 4086 Melone,
1203 4031 1303 4093 6666).

255 4093 287 4154 (4)
303 4093 414 4142 Beonan.
429 4093 448 4150 Ι,
463 4093 516 4148 cro-2.
533 4106 591 4157 cop.
605 4094 702 4156 Anseg.
718 4092 751 4141 V.
764 4092 819 4142 rot.

256 4157 288 4217 (ὁ)
303 4155 428 4205 llormnla
443 4154 572 4205 Morculti.
583 4155 695 4204 Baraza.
708 4155 740 4204 ll.
755 4155 806 4208 tlt.
818 4156 851 4204 cl.
866 4156 977 4220 supplex
987 4155 1300 4206 tinettmmouaoburum

225 4218 398 4269 llnldensium
412 4217 503 4267 Kurol.
522 4217 584 4282 irup.
608 4223 746 4268 ›orrertns
762 4221 810 4266 art.
831 4218 975 4267 laniunt.
994 4217 1091 4267 Beued.
1108 4217 1141 4266 ll.
1155 4219 1209 4278 aba.
1238 4239 1242 4246 ·

255 4283 287 4342 (6)
303 4282 414 4331 Bacrtza.
430 4280 449 4336 Ι,
465 4280 518 4336 902,
532 4293 582 4345 cap
597 4233 694 4342 dnsdg.
710 4279 739 4327 V.
754 4279 809 4329 idi.
821 4308 851 4317 -
863 4281 883 4331 Ι.
900 4281 953 4336 239,
964 4294 1013 4344 cap
1030 4280 1038 4329 l
1055 4280 1127 4341 (7893,
1145 4280 1179 4331 li.

255 4345 287 4408 (i)
301 4345 378 4410 Greg.
394 4343 457 4393 Tur.
471 4342 510 4392 De
524 4343 591 4407 glor.
602 4347 694 4406 marty.
710 4356 778 4392 arur.
