3359 5142
155 803 162 829 t

691 658 850 721 „79-

229 809 401 876 finderibus
426 809 613 889 junxerunt.
631 807 684 868 Nil
702 808 789 867 enim
809 809 931 868 mirum
950 809 975 868 si
991 809 1040 869 vir
1055 809 1107 870 ille
1123 810 1179 889 qui
1209 818 1305 871 totam

229 906 294 967 fere
309 906 471 984 Europam
486 923 551 966 suae
565 904 692 964 ditionis
708 904 834 979 fecerat,
847 923 992 983 eamque,
1010 907 1171 967 miscendo
1185 907 1304 968 barba-

229 1003 310 1062 riem
328 1003 483 1064 Romanis
511 1002 673 1076 institutis,
706 1008 922 1075 renovaverat,
951 1002 1001 1062 sui
1022 1004 1117 1080 pretii
1135 1005 1306 1065 aestimaret

230 1101 337 1160 virum
358 1100 451 1160 illurn
471 1099 528 1177 qui
552 1105 655 1158 totum
681 1097 845 1159 Orientem
869 1116 926 1159 suo
947 1100 1077 1160 nomine
1105 1100 1303 1178 impleverat.

228 1197 300 1256 Alia
313 1214 442 1275 quoque
457 1202 555 1257 exstat
570 1213 673 1271 eausa,
691 1196 910 1256 necessitatem
926 1196 1006 1271 dico,
1024 1213 1096 1274 quae
1112 1197 1209 1258 talem
1223 1216 1304 1259 con-

228 1293 358 1354 firmare
385 1293 518 1354 debehat
541 1293 738 1354 amicitiam:
758 1293 869 1353 Haron
893 1293 980 1354 enim
1009 1298 1040 1354 et
1070 1294 1218 1370 Karolus,
1249 1296 1306 1373 qui

229 1390 360 1468 quidem
389 1391 483 1451 ambo
509 1389 694 1480 invidebant
727 1389 903 1451 Caesaribus
931 1389 1302 1468 constantinopolitanis,

229 1489 394 1549 communi
422 1489 494 1550 odio
520 1489 636 1568 juncti,
661 1489 727 1550 suis
750 1495 865 1550 mutuo
889 1489 1103 1550 inserviebant
1132 1489 1307 1550 commodis

230 1586 396 1646 sanciendo
412 1587 541 1648 toedera.
557 1586 659 1663 Atqui
673 1585 782 1645 nullus
797 1587 922 1663 ignorat
941 1603 993 1646 eas
1008 1593 1082 1646 ante
1105 1586 1182 1646 alias
1196 1586 1306 1646 firmas

229 1690 260 1743 et
276 1683 390 1744 solidas
405 1701 471 1745 esse
485 1684 651 1758 amicitias,
668 1700 740 1760 quae
761 1683 880 1760 pariter
895 1683 929 1742 in
944 1683 1093 1760 opinione
1114 1690 1146 1743 et
1168 1684 1305 1744 necessi-

231 1786 291 1840 tate
307 1781 461 1841 nitantur.
486 1779 576 1854 Sunt,
604 1779 712 1855 fateor,
738 1779 795 1856 qni
810 1779 921 1839 Karoli
943 1785 973 1840 et
996 1781 1103 1841 Aaron
1132 1781 1306 1841 amicitiam

228 1876 346 1937 infitias
369 1878 414 1939 ire
429 1895 495 1938 non
509 1876 664 1950 dubitent,
682 1876 942 1954 proptereaquod
957 1894 1028 1938 eam
1043 1878 1189 1938 siluerint
1204 1879 1305 1955 scrip-

234 1983 316 2036 tores
330 1975 475 2036 Arabum
499 1975 553 2054 (1),
572 1982 603 2035 et
616 1975 734 2051 legatos
749 1974 856 2034 Aaron
873 1975 918 2034 nil
932 1975 1020 2035 alind
1038 1994 1105 2037 esse
1127 1986 1307 2037 assererent

229 2090 327 2150 quam
342 2072 516 2134 monachos
530 2072 836 2150 Hierosolymitanos
852 2073 919 2150 qui,
944 2091 1027 2134 anno
1037 2093 1188 2149 ncemrx,
1215 2092 1234 2134 a
1247 2093 1305 2152 pa-

230 2170 368 2232 triaroha
381 2170 516 2249 Georgio
525 2171 624 2244 missi,
638 2169 755 2230 Karolo
765 2170 917 2248 reliquias
931 2172 1138 2248 portaverint,
1149 2171 1306 2249 donisque

229 2269 349 2330 onerati
364 2268 403 2329 ab
417 2269 607 2346 imperatore
622 2267 653 2327 ei
674 2267 819 2327 dederint
840 2267 972 2343 insuper
986 2267 1139 2328 vexillum
1155 2285 1230 2328 cum
1246 2269 1306 2328 ola-

229 2366 276 2424 vis
291 2365 323 2426 S.
347 2364 536 2442 Sepulchri:
557 2364 666 2437 Quum
681 2381 756 2424 vero
771 2363 944 2424 Christiani
968 2371 1113 2425 auctores
1133 2364 1172 2424 de
1196 2364 1305 2425 haere

228 2465 415 2549 unanimem
424 2464 604 2553 ,attulerint
627 2463 831 2536 sententiam,
856 2462 931 2522 talia
952 2470 1140 2540 argumenta
1163 2463 1306 2524 evadunt

229 2561 336 2622 inania
356 2557 428 2645 (dd
440 2537 821 2639 bolumfbgrrosoendum
851 2558 985 2634 videtur,
1005 2560 1114 2620 Karoli
1143 2566 1174 2621 et
1197 2563 1306 2620 Aaron

228 2645 375 2737 aequales
393 2639 550 2821 haiopaer
564 2645 806 2745 ‘potentissimos
825 2657 976 2734 temporis
996 2658 1154 2736 principes
1167 2659 1307 2718 amicitia

227 2757 385 2833 attonitos,
397 2773 467 2818 earn
530 2746 610 2825 tasse
629 2755 761 2828 auxisse,
774 2761 980 2831 posterosque
989 2754 1091 2814 multa
1101 2773 1199 2832 super
1213 2755 1305 2815 addi-

227 2853 319 2914 disse.
337 2854 415 2915 Inde
431 2871 467 2916 ea
482 2829 689 2940 diboe'rpenda
712 2868 784 2929 quae
808 2857 948 2928 spectant
967 2851 1006 2912 ad
1029 2851 1206 2926 historiam,
1224 2859 1255 2912 et
1270 2870 1306 2912 ea

227 2967 299 3027 quat
318 2950 358 3012 ad
373 2950 527 3011 fabulam.
895 2939 898 2943 “

267 3048 360 3121 Quod
374 3049 414 3109 ad
429 3048 596 3132 historiam
620 3038 741 3122 attinet,
760 3048 909 3122 Karolus,
928 3065 1012 3108 anno
1029 3065 1124 3121 ucccr,
1150 3048 1305 3124 accepisse

228 3145 355 3206 videtur
376 3145 415 3206 ab
436 3145 544 3206 Aaron
560 3144 777 3223 elephantum,
805 3146 936 3206 nomine
958 3143 1171 3218 Aboulabbas,
1192 3144 1248 3223 qui
1270 3145 1304 3204 in

227 3242 353 3303 ltaliam
367 3261 385 3303 a
407 3242 488 3320 pulit
503 3259 590 3318 anuo
605 3243 751 3320 sequenti
765 3250 796 3303 et
811 3261 896 3303 anno
911 3260 1006 3302 occcx
1020 3249 1167 3301 mortuus
1182 3248 1229 3302 est
1245 3240 1301 3321 (2).

227 3340 382 3400 Annene
423 3357 455 3414 11,
487 3315 678 3401 daibertum
692 3339 779 3399 misit
803 3336 859 3417 (3),
886 3339 940 3417 qui
971 3338 1065 3398 rediit
1089 3355 1164 3397 cum
1194 3338 1306 3415 legatis

227 3437 336 3498 Aaron
351 3403 566 3498 deferentibus
580 3437 763 3515 imperatori
774 3437 967 3514 papilionem
985 3443 1016 3496 et
1030 3435 1166 3495 tentoria
1175 3435 1306 3514 byssina

228 3535 316 3596 vario
331 3534 435 3596 colore
459 3534 555 3595 simul
579 3552 656 3596 cum
671 3534 803 3594 funibus
817 3534 887 3614 pari
902 3533 1013 3594 ordine
1028 3533 1194 3606 distinctis
1212 3533 1307 3610 pallia

229 3632 337 3707 serica,
355 3631 534 3693 balsamum
549 3639 580 3694 et
594 3631 706 3694 odores
733 3638 829 3710 atque
852 3637 1026 3708 unguenta,
1045 3630 1100 3692 sed
1122 3636 1153 3691 et
1174 3629 1304 3690 horolo-

227 3729 317 3805 gium
332 3747 370 3791 ex
385 3729 775 3810 orichalcosscompositum,
790 3729 834 3808 (l)
846 3729 879 3788 in
889 3747 953 3806 quo
969 3728 1138 3789 duodecim
1149 3726 1305 3788 horarum

259 3948 550 4012 (l)DsPocouuv1mn‚
567 3965 592 4014 p.
608 3949 661 3998 529.

259 4013 291 4074 (a)
306 4011 436 4068 Eiarinon,
458 4012 558 4062 Teulet.
585 4013 605 4068 Ι,
626 4012 662 4060 52.
686 4039 714 4047 —
737 4011 814 4061 Adon
835 4010 951 4060 chronic.
973 4010 1026 4059 801.
1044 4009 1173 4075 Bouquct.
1194 4007 1226 4064 V,
1248 4011 1302 4060 til.

228 4074 324 4124 Annal.
342 4074 436 4122 Frena.
450 4075 503 4123 810.
521 4074 650 4137 Bonqnet.
667 4073 698 4124 V.
713 4075 750 4122 59.

231 4138 290 4248 νβ)
304 4136 426 4248 ῗὴνοτιίυ,
444 4135 518 4186 Adon
531 4137 584 4186 807.
603 4137 683 4192 Bono.
702 4136 731 4191 V,
745 4137 797 4185 32⁴2.
812 4165 840 4173 —
860 4137 932 4185 Poot.
951 4138 1011 4184 San.
1027 4135 1074 4183 ΙΙΙ.
1096 4134 1148 4183 550.
1169 4133 1301 4192 Bonorm.

259 4263 291 4324 tt)
311 4262 456 4312 Flaccum.
473 4260 615 4311 Academie
633 4261 658 4309 d.
677 4261 810 4324 Iinscript.
830 4266 856 4311 et
872 4261 901 4310 B.
919 4261 947 4308 L.
964 4258 1050 4322 (itta).
1066 4259 1243 4311 Dissertation
1256 4272 1302 4310 sut·

227 4325 344 4394 lacques
357 4323 389 4374 de
401 4323 502 4375 Doridis
516 4324 667 4376 sumamma
681 4322 846 4386 Horologius.

1379 3289 1484 3386 W<
