3359 5142
625 679 631 692 ’
701 688 875 787 ‘-u''-

257 873 431 951 peregrinis
446 873 564 936 tributa
577 879 684 955 petere
698 891 755 953 pro
777 874 918 952 antiquis
931 873 1190 935 immunitatibus
1204 874 1238 933 in
1251 891 1328 934 con·

257 969 460 1033 suetudinem
493 971 599 1032 vertit.
629 971 830 1033 Documento
866 973 908 1031 sit
943 971 976 1033 S.
1012 971 1149 1053 Victoris
1182 970 1331 1032 Massiliae

235 1064 489 1129 'chartularium
510 1068 545 1128 in
570 1086 634 1146 quo
661 1068 799 1146 legimus
822 1069 870 1128 uti
893 1069 965 1129 Itali
985 1069 1079 1133 aliive
1099 1074 1265 1146 pergentes
1289 1067 1329 1128 ad

256 1165 417 1236 Sanctum¹
431 1166 588 1228 Jacobum
603 1173 672 1227 octo
695 1166 842 1228 denarias
865 1167 893 1226 si
913 1166 1045 1244 equites,
1071 1172 1134 1226 tres
1157 1166 1184 1224 si
1208 1165 1330 1242 pedites

256 1263 417 1325 exsolvent
453 1264 486 1324 in
518 1263 598 1325 urbe
627 1265 816 1341 Tarascone,
849 1265 984 1342 Hispani
1014 1271 1122 1325 autem
1144 1263 1206 1342 laut
1225 1262 1329 1340 Angli

255 1360 448 1436 Germanive
463 1363 601 1423 Romam
614 1369 726 1423 euntes
742 1363 888 1440 quinque
906 1362 1053 1423 denarios
1071 1362 1128 1440 (l).

296 1457 434 1518 Romam
448 1458 547 1536 igitur
560 1459 721 1536 peregrini
735 1476 800 1523 non
816 1459 911 1520 modo
926 1459 1051 1536 pietatis
1065 1459 1120 1521 sed
1134 1459 1230 1519 etiam
1245 1475 1329 1526 com·

255 1555 367 1616 mercii
396 1573 490 1616 causa
510 1555 692 1617 visitabant.
716 1557 820 1616 lloma
844 1556 931 1616 enim
959 1562 1035 1616 tunc
1058 1556 1219 1633 temporis,
1239 1555 1326 1616 haud
1353 1574 1358 1585 ·

256 1670 345 1714 secus
359 1670 395 1714 ac
409 1653 514 1728 hodie,
532 1671 647 1732 magna
662 1661 692 1714 ct
707 1655 773 1715 tere
795 1654 891 1715 unica
908 1661 975 1715 erat
998 1653 1125 1714 officina
1148 1660 1328 1716 sanctarum

255 1750 466 1829 reliquiarum
481 1770 498 1813 e
514 1751 706 1814 catacumbis
721 1757 942 1827 extracturum,
961 1768 1041 1829 quas
1055 1749 1179 1812 avidius
1194 1751 1328 1828 conqui-

255 1848 367 1910 rebant
381 1867 498 1924 omneS,
518 1868 662 1929 quasque
675 1868 764 1930 papae
777 1869 864 1912 nunc
879 1851 962 1911 dorio
976 1850 1102 1924 dabant
1121 1867 1217 1924 nunc,
1230 1849 1328 1911 veluti

254 1965 375 2010 merces
389 1950 500 2026 magni
513 1950 617 2028 pretii,
630 1949 818 2011 vendebant.
831 1950 1031 2010 Documento
1041 1949 1104 2009 sint
1114 1966 1194 2026 papa
1208 1948 1330 2010 Paulus

255 2046 311 2126 qui
325 2046 462 2108 Fulrado
477 2046 582 2108 abbati
608 2047 640 2109 S.
666 2047 812 2126 Dyonisii
829 2046 925 2125 (antro
941 2048 1092 2124 occcnxn)
1107 2063 1238 2124 corpora
1252 2063 1328 2106 con-

227 2199 231 2222 ,
255 2143 346 2204 cessit
375 2144 540 2224 Hippolyti
569 2150 599 2205 et
633 2145 804 2206 Alexandri
832 2144 971 2222 gratuito
995 2143 1049 2222 (2),
1081 2142 1329 2220 Hadrianusque

253 2257 333 2320 papa
347 2241 415 2318 qui,
433 2259 517 2306 anno
542 2260 718 2316 noccnxxrv,
745 2241 908 2303 Salomoni
931 2240 1006 2302 duci
1029 2241 1221 2307 Aremoricae
1242 2239 1330 2300 misit

254 2337 424 2399 brachium
449 2337 481 2400 S.
509 2339 623 2400 Leonis
650 2339 801 2418 Martyris
830 2337 876 2418 (3)
905 2357 962 2418 pro
982 2345 1086 2399 statua
1111 2355 1210 2399 aurea
1237 2338 1327 2398 mirre

252 2436 483 2514 magnitudinis
512 2455 587 2499 cum
610 2437 768 2515 lapidibus
791 2436 910 2498 diversi
929 2437 1062 2515 generis,
1086 2442 1116 2497 et
1139 2437 1228 2497 mulo
1252 2454 1326 2497 cum

253 2535 344 2620 freno
359 2541 390 2595 et
403 2535 489 2608 sella,
513 2542 544 2596 et
564 2553 681 2596 corona
705 2548 802 2598 aurea
825 2536 940 2613 lapillis
954 2535 1106 2596 adornata
1120 2534 1274 2612 pretiosis,
1293 2543 1323 2595 et

254 2632 382 2710 higinta
406 2633 571 2716 camsillis,
597 2639 628 2695 et
648 2635 778 2712 triginta
798 2634 898 2695 laneis
919 2634 1025 2712 drapis
1047 2634 1143 2694 variis
1166 2634 1325 2695 coloribus

250 2730 441 2792 intertinctis
468 2749 542 2792 cum
565 2732 695 2809 triginta
717 2732 855 2792 cervinis
883 2731 1030 2808 pellibus.
1056 2731 1240 2804 Quinetiam
1263 2732 1324 2808 ipsi

251 2827 427 2888 sacerdotes
442 2828 511 2890 sine
524 2829 674 2906 scrupulo
688 2827 879 2889 furabantur
900 2828 1062 2906 reliquias.
1080 2827 1173 2900 Quod
1190 2834 1324 2888 testatur

251 2923 383 2986 historia
402 2924 441 2986 ab
469 2925 631 2986 Einhardo
654 2926 769 3003 scripta
797 2926 1010 2987 translationis
1034 2924 1066 2986 S.
1090 2925 1266 2986 Marcellini
1295 2934 1326 2988 et

251 3021 282 3082 S.
309 3022 397 3082 Petri
420 3021 476 3102 (Ι).
497 3022 673 3084 Monachus
696 3023 783 3084 enim
807 3023 940 3101 quidam
959 3022 1081 3084 dixerat
1103 3021 1265 3083 Eiuhardo
1294 3041 1326 3083 se

205 3115 209 3125 '
250 3118 367 3180 habere
383 3119 494 3180 Romae
510 3121 663 3198 plurimas
686 3127 869 3182 sanctorum
883 3120 1035 3198 reliquias
1049 3137 1188 3198 quarum
1203 3126 1326 3197 partem

250 3223 316 3279 erat
330 3217 472 3292 daturus,
491 3219 517 3278 si
531 3219 689 3298 adjutorio
710 3220 781 3298 ejus
795 3219 896 3279 tultus
911 3219 1049 3279 Romam
1069 3218 1185 3279 reverti
1209 3224 1323 3295 posset.

249 3314 342 3387 Quod
360 3315 454 3377 loetus
479 3316 603 3378 audivit
617 3323 648 3378 et
668 3317 787 3394 accepit
811 3316 1004 3378 Einhardus.
1026 3315 1204 3377 Monachus
1217 3324 1326 3377 autem

248 3411 434 3489 abbatisque
448 3412 580 3490 legatus,
598 3413 742 3491 reliquiis
768 3431 831 3474 non
854 3414 1001 3487 inventis,
1028 3413 1105 3473 alias
1119 3414 1202 3474 clam
1217 3414 1324 3474 subri-

248 3511 398 3588 puerunt.
415 3509 477 3571 Sed
486 3511 548 3588 ipsi
561 3528 690 3589 quoque
705 3511 739 3571 in
755 3511 888 3574 Francia
901 3513 1024 3590 spoliati
1039 3513 1171 3574 fuerunt
1191 3531 1209 3574 a
1224 3531 1324 3574 sacer-

248 3605 329 3680 dote,
347 3606 414 3685 qui,
433 3607 527 3668 sicuti
555 3607 710 3668 candidus
732 3615 841 3670 narrat
862 3610 995 3687 scriptor
1019 3634 1032 3664 Ι
1058 3616 1146 3671 ratus
1168 3610 1227 3670 sibi
1251 3610 1324 3671 data

247 3705 409 3765 occasione
425 3705 583 3766 utendum
598 3706 744 3781 surrexit,
762 3713 859 3784 atque
869 3724 1000 3769 accenso
1014 3707 1137 3769 lumine
1152 3707 1192 3768 ad
1206 3708 1325 3770 scrinia

145 3827 148 3833 ·
245 3800 378 3863 silenter
392 3803 533 3864 accessit.
552 3803 596 3883 (5)
615 3827 628 3857 r

284 3897 357 3959 Alio
367 3900 550 3962 commercii
564 3917 679 3980 genere
695 3901 761 3962 lere
776 3899 874 3961 simili
889 3901 981 3963 ltalia
1001 3909 1078 3963 tunc
1094 3902 1245 3979 temporis
1260 3902 1321 3963 llo-

276 4101 296 4160 (l
322 4101 456 4151 Gonnum.
478 4101 673 4153 Cartulairede
689 4103 766 4154 Saint
785 4103 877 4154 Victor
892 4103 924 4154 de
946 4103 1087 4158 Marseille
1105 4105 1201 4155 introil
1220 4119 1244 4168 p.
1263 4104 1318 4154 ΙΙΙ.

275 4151 299 4226 (t
323 4165 418 4214 Annal
433 4163 531 4214 Bened.
548 4179 603 4215 soec
617 4164 631 4214 Ι
645 4170 712 4231 part.
726 4165 745 4222 Ι,
763 4167 815 4217 533.

286 4225 299 4275 3
323 4225 470 4276 cartulaire
484 4227 516 4276 de
530 4226 632 4283 Redon,
690 4228 757 4278 67-8.

285 4288 308 4349 Ι)
320 4287 448 4338 Erumpo
462 4288 561 4339 Teulct.
573 4290 599 4339 Il
625 4243 676 4346 wig
691 4305 794 4355 sqq-
765 4291 929 4342 -Bolland
943 4297 961 4341 t.
976 4292 996 4344 l.
1013 4289 1045 4341 dc
1054 4292 1122 4356 juin,
1139 4292 1178 4347 81,
1196 4307 1255 4358 sqq.

275 4289 449 4413 (otbtuuauo
465 4350 569 4404 Toulet
582 4353 617 4408 ll
630 4353 683 4402 iSl.
