3359 5142
262 3752 267 3761 ι
353 3757 381 3765 -
396 3729 417 3777 1.
431 3729 485 3782 aea.
502 3728 564 3790 (rer)
581 3728 604 3776 a.
620 3754 649 3763 -
661 3729 682 3776 1.
699 3728 744 3776 lm
757 3729 782 3790 (a

801 607 960 672 ‚25-

345 727 438 792 hardi
452 723 589 809 epistolae
602 731 642 794 ad
652 749 725 792 snos
737 731 866 808 villicos,
879 749 935 810 per
947 749 1087 810 quaseos
1098 732 1188 794 docet
1203 733 1251 795 vel
1264 733 1416 795 minimas

345 843 495 904 agrorum
524 846 616 890 curas
648 829 717 909 (l):
749 828 895 890 Florebat
922 829 1021 906 igitur
1048 829 1256 907 agricultura.
1281 865 1321 873 -
1343 831 1420 892 Haec

346 930 453 987 antem
469 925 561 988 unice
576 927 658 1004 regis
673 933 728 988 aut
742 926 928 1013 possessoris
938 927 1023 988 villae
1038 928 1169 989 utilitati
1185 928 1422 990 accommodata

346 1021 531 1084 evadebant.
563 1023 706 1102 Quisque
727 1041 784 1102 pro
808 1041 840 1084 se
865 1023 1010 1102 suisque,
1036 1041 1204 1104 nunquam
1229 1031 1338 1086 antem
1363 1041 1421 1104 pro

345 1120 424 1196 aliis,
442 1138 533 1199 agros
547 1120 665 1182 arabat.
683 1122 737 1184 Nil
760 1122 859 1199 igitur
873 1122 994 1183 mirum
1015 1121 1042 1182 si
1061 1128 1127 1183 tam
1142 1140 1225 1201 soepe
1247 1122 1358 1197 fames,
1385 1140 1422 1184 ea

346 1225 539 1297 tempestate,
557 1219 724 1280 Franciam
747 1219 934 1295 turbaverit,
958 1219 1107 1299 quamvis
1128 1220 1273 1281 Karolini
1289 1222 1421 1282 curave-

346 1315 410 1376 rint
452 1333 492 1378 ne
523 1316 583 1378 tale
613 1316 842 1379 detrimentum
876 1324 1001 1395 caperet
1039 1317 1150 1396 patria.
1190 1317 1420 1395 Nequidquam

346 1414 433 1474 enim
447 1414 636 1492 praecipiunt
654 1439 667 1470 ι
683 1422 719 1475 nt
735 1413 789 1495 (2),
811 1415 846 1474 in
869 1415 1017 1493 praesenti
1035 1432 1131 1490 anno,
1155 1414 1194 1476 de
1209 1415 1301 1476 famis
1314 1415 1422 1494 inopia

346 1529 420 1572 suos
435 1513 571 1590 quisque
595 1513 733 1593 adjuvet,
755 1520 851 1591 prout
865 1519 975 1591 potest,
1004 1520 1034 1574 et
1057 1531 1149 1574 suam
1172 1530 1334 1574 annonam
1356 1531 1420 1573 non

346 1609 441 1670 nimis
457 1626 527 1670 care
542 1610 666 1686 vendat,
693 1635 706 1665 »
729 1610 949 1689 nequidquam
964 1609 1009 1690 (3)
1030 1611 1148 1672 severis
1161 1610 1305 1672 afficiunt
1319 1609 1420 1689 poenis

347 1725 400 1768 eos
415 1707 473 1786 qui
487 1707 562 1786 pani
577 1709 723 1770 faciendo
747 1716 821 1769 sunt
843 1707 1014 1784 obstaculo,
1032 1708 1196 1787 molasque
1217 1727 1275 1770 seu
1291 1725 1424 1769 manua-

346 1804 410 1865 rias
427 1823 483 1866 seu
498 1805 645 1884 aquarias
669 1823 819 1884 rumpere
841 1812 983 1882 tentant,
1008 1805 1237 1885 nequidquam,
1260 1823 1326 1867 una
1348 1823 1422 1866 cum

347 1900 484 1979 regibus,
496 1902 626 1964 comites
636 1903 876 1982 sacerdotesque
885 1902 1078 1982 pauperihus
1086 1903 1233 1982 opitulari
1242 1909 1398 1964 conantur
1413 1927 1420 1962 ι

347 1999 458 2060 Fames
473 1999 550 2060 adeo
565 1999 676 2060 validae
699 2001 883 2075 desaeviunt,
910 2007 947 2060 ut
966 2000 1060 2061 multi
1083 2007 1221 2078 pereant,
1248 2001 1314 2061 imo
1337 2017 1419 2061 non-

347 2096 429 2157 nulli
444 2095 587 2157 humana
598 2114 692 2158 carne
708 2105 872 2159 vescantur
892 2096 948 2176 (4).
965 2097 1044 2170 Quae
1058 2115 1162 2176 quum
1171 2097 1216 2158 ita
1231 2097 1304 2174 sint,
1320 2094 1423 2176 quum

350 2193 524 2273 unicuique
539 2213 615 2256 cura
630 2195 827 2256 incumberet
852 2196 1036 2256 consulendi
1058 2196 1118 2257 sibi
1138 2195 1269 2275 suisque
1283 2213 1323 2256 ne
1337 2196 1422 2258 seme

350 2291 503 2368 perirent,
520 2292 639 2370 ,nullus
660 2292 850 2354 commercio
866 2293 1007 2370 frugum,
1025 2299 1132 2354 nostra
1148 2297 1330 2370 tempestate
1346 2291 1424 2353 adeo

348 2387 483 2464 florenti,
506 2388 646 2452 vacabat.

566 2672 689 2732 Arbores
711 2673 884 2748 fructifera.
906 2683 933 2733 et
953 2673 1104 2748 praecipue
1122 2672 1203 2733 citis.

388 2907 537 2968 Pomaria
553 2925 624 2968 vero
640 2925 677 2968 ea
689 2913 874 2985 tempestate
889 2907 1109 2968 enumeranda
1123 2913 1199 2967 sunt
1222 2907 1306 2969 inter
1321 2908 1422 2968 Fran-

349 3002 404 3064 ciac
420 3003 555 3065 divitias.
573 3004 705 3077 Quodsi
721 3005 808 3066 enim
823 3003 1017 3082 capitulariis
1032 3002 1240 3078 fidemfaciaS,
1257 3021 1320 3064 non
1329 3004 1425 3065 modo
1522 2992 1527 3007 '

350 3117 459 3160 omnes
474 3101 644 3162 fructiferae
659 3101 796 3175 arbores,
820 3101 953 3163 sorbarii
973 3100 1102 3174 scilicet,
1119 3101 1316 3175 castanearii,
1338 3100 1424 3161 avel-

350 3199 472 3273 lanarii,
486 3199 703 3274 amandalarii,
712 3199 854 3273 merarii,
867 3198 929 3272 fici,
941 3197 1098 3272 ceresarii,
1112 3197 1257 3276 aliaeque,
1266 3196 1320 3258 sed
1330 3197 1426 3258 etiam

350 3297 496 3373 plurimae
512 3297 655 3376 ejusdem
676 3295 797 3358 arboris
815 3313 931 3374 genera
950 3295 1074 3356 exculta
1093 3302 1183 3356 erant
1197 3294 1254 3373 (5).
1278 3296 1348 3356 Imo
1368 3295 1424 3356 oli·

351 3400 435 3455 tores
449 3399 549 3455 artem
565 3394 723 3474 inserendi
738 3394 824 3456 adid
839 3394 1036 3454 adduxerant
1052 3399 1087 3452 ut
1101 3392 1197 3453 hodie
1212 3410 1265 3453 eos
1279 3392 1332 3452 vir
1347 3393 1423 3452 imi·

383 3604 415 3727 Q
429 3603 910 3777 gaminlggfflcigdrlelt'aifflggssimum.
922 3693 951 3701 -
967 3664 987 3714 I.
1001 3663 1054 3721 464,
1070 3678 1128 3728 cap.
1145 3662 1177 3713 V.
1192 3662 1259 3726 (806)
1280 3663 1316 3719 46,
1337 3661 1372 3718 47,
1390 3662 1425 3712 48.

334 3841 336 3846 ,
385 3791 417 3853 (3)
432 3789 470 3839 ld.
488 3790 507 3840 Ι.
521 3791 575 3847 296,
590 3789 631 3838 lex
646 3789 734 3840 Salica
746 3793 881 3846 renovata,
894 3791 918 3846 2,
934 3790 957 3841 3.
972 3789 994 3838 4.

384 3853 416 3915 (4)
430 3852 512 3910 Bono.
530 3851 562 3901 V.
579 3853 617 3907 69,
633 3853 671 3909 70,
687 3853 726 3902 26·
740 3853 803 3901 Dies
821 3866 864 3901 me
881 3851 985 3902 deficiet
1002 3865 1158 3901 enumerare
1182 3850 1203 3901 si
1222 3850 1302 3901 velim
1324 3850 1429 3914 quoties

354 3917 422 3966 same
437 3929 565 4025 oppressa
584 3915 664 3964 suerit
678 3915 798 3964 Francia.
815 3914 853 3962 Cf.
869 3914 951 3972 Bono.
966 3913 1025 3970 Vll,
1043 3914 1081 3970 62,
1097 3914 1151 3970 246,
1166 3913 1221 3970 248,
1233 3913 1287 3966 249,
1305 3913 1355 3969 496,
1369 3913 1424 3971 292,

352 3979 405 4027 248.
422 4006 451 4014 -
491 3977 538 4027 444.
555 3977 593 4032 63,
608 3977 646 4032 67,
664 3977 714 4033 463,
733 3977 783 4034 473,
807 3975 858 4033 478,
879 3977 929 4033 486,
948 3976 999 4032 487,
1015 3976 1068 4032 364,
1090 3976 1146 4033 264,
1159 3976 1214 4032 297,
1231 3975 1285 4030 298,
1301 3975 1356 4029 223,
1370 3975 1425 4030 229,

352 4041 406 4096 266,
422 4041 486 4096 267,
500 4039 553 4097 274,
569 4039 622 4096 276,
642 4039 696 4094 276,
713 4039 767 4095 233,
782 4037 836 4091 234,
853 4039 907 4095 236,
928 4039 982 4094 236,
1003 4038 1057 4096 248,
1082 4038 1136 4094 269,
1155 4039 1210 4088 262.
1226 4066 1255 4074 -
1270 4037 1318 4087 IX.
1335 4037 1373 4094 79,
1392 4037 1428 4092 47,

354 4102 392 4158 3-4,
410 4102 443 4158 46,
460 4103 498 4158 94,
514 4101 552 4159 94,
568 4103 616 4150 etc.
633 4100 976 4156 Gt.lt1nmno.Teulet.11,
993 4100 1047 4149 342.
1299 4149 1305 4162 ,

334 4217 335 4220 ,
385 4165 417 4226 (6)
432 4165 494 4213 Bac.
510 4165 530 4212 l.
546 4164 599 4213 342.
615 4165 653 4214 De
668 4162 739 4213 villis
761 4163 799 4219 79,
820 4163 858 4212 Cf.
877 4162 1011 4213 Gaianae.
1027 4161 1213 4226 Bibliotheque
1227 4161 1259 4211 de
1272 4162 1368 4211 l'llcole
1383 4159 1430 4209 des

354 4226 472 4282 (inertes,
489 4227 513 4276 3⁶
532 4226 609 4282 serie,
624 4227 648 4274 lt.
665 4226 686 4274 4.
702 4253 731 4261 -
747 4225 798 4274 Pro
818 4225 906 4281 malis,
922 4224 996 4274 verbi
1015 4224 1108 4289 gratia,
1129 4224 1324 4290 gormaringua
1343 4221 1429 4288 gerol-

355 4288 443 4354 dinga,
458 4287 614 4344 crevedella,
631 4289 765 4352 spirauca,
781 4287 878 4338 dulcio.
