3359 5142
676 570 834 634 -21-

217 725 319 787 Graeci
341 731 472 798 προεένοι,
503 721 559 802 qui
583 739 716 802 suorum
737 724 856 786 civium
873 733 930 788 aut
954 730 1169 806 quorumdam
1190 733 1287 797 adve-

216 840 334 884 narum
362 815 552 882 utilitatibus
572 819 794 898 inserviebant,
821 841 898 899 sese,
922 824 983 886 sub
1001 825 1071 887 aliis
1090 829 1286 906 nominibus,

131 967 132 972 ι
216 939 272 1000 per
286 926 388 982 totum
402 919 576 998 imperium
590 919 773 981 Romanum
788 922 1054 986 continuaverint.
1071 924 1205 999 Quando
1225 928 1288 1008 igi-

216 1025 269 1079 tur
283 1014 470 1078 Mahumedi
484 1017 609 1078 asseclae
617 1016 841 1080 Mediterranei
857 1020 955 1080 maris
965 1019 1071 1084 littora
1084 1041 1149 1086 suae
1158 1023 1288 1088 ditionis

216 1118 369 1190 fecerunt,
394 1131 520 1177 necesse
548 1112 609 1175 fuit
628 1114 772 1176 consules
790 1115 879 1177 sinon
905 1125 1090 1180 crearentur
1113 1121 1153 1182 ad
1176 1122 1288 1185 saltem

215 1218 454 1276 renovarentur.
485 1210 578 1285 Quod
605 1228 642 1273 eo
666 1211 790 1273 facilius
813 1221 1004 1292 acceperuut
1032 1214 1170 1278 Orientis
1198 1237 1288 1298 reges

216 1309 413 1392 quominus
441 1325 553 1369 eorum
580 1325 686 1370 mores
712 1326 732 1370 a
758 1310 813 1371 tali
840 1311 1039 1375 institutione
1061 1304 1284 1377 abhorrebant.

215 1405 311 1488 Apud
324 1407 416 1470 Seres
438 1406 524 1468 enim
539 1405 751 1471 Sarracenum
770 1407 932 1471 consulem
948 1409 992 1489 (l)
1007 1418 1038 1471 et
1057 1411 1288 1491 Hierosolyma

214 1508 352 1570 alterum
371 1509 518 1572 Graccum
531 1508 675 1571 invenire
691 1513 737 1570 est
756 1505 812 1585 (2).
830 1505 927 1567 Haud
949 1512 1057 1568 tamen
1078 1507 1190 1585 ignoro
1210 1509 1285 1571 Sar-

215 1624 404 1670 racenorum
429 1607 596 1687 scriptores
618 1605 702 1686 ipsos
716 1622 780 1666 non
794 1604 842 1665 ire
855 1602 973 1665 infitias
988 1605 1068 1683 quin
1088 1606 1287 1669 considerent

216 1704 360 1766 consules
377 1712 528 1784 tauquam
544 1703 667 1765 obsides
680 1702 891 1782 potiusquam
907 1718 1039 1762 suorum
1050 1701 1170 1763 civium
1179 1702 1285 1766 deien-

216 1821 302 1865 sores
317 1821 354 1866 ac
367 1810 517 1883 patronos
536 1801 592 1884 (3).
618 1801 696 1876 Quis
709 1807 818 1862 autem
836 1817 901 1860 non
925 1798 1061 1860 fateatur
1083 1798 1164 1860 illud
1186 1818 1284 1878 nego-

217 1900 385 1964 tiatoribus
416 1919 543 1963 summo
572 1901 669 1962 luisse
696 1898 823 1972 auxilio,
855 1896 973 1958 scilicet
1006 1902 1043 1956 ut
1073 1896 1106 1968 in
1137 1897 1285 1959 extremis

214 1999 398 2078 regionibus
420 1999 590 2062 nonnullos
604 1997 784 2060 invenirent
798 1993 856 2075 qui
869 1994 979 2072 liugua
992 2000 1159 2056 uterentur
1171 1995 1281 2074 patria,

212 2097 270 2176 qui
284 2097 428 2177 ejusdem
450 2095 612 2175 religionis
634 2099 789 2175 praecepta
807 2097 1027 2171 sequerentur,
1045 2090 1166 2170 quique
1189 2098 1283 2171 optu-

210 2193 355 2256 lareutur
369 2194 515 2257 miseris?

252 2289 345 2364 Quod
360 2289 515 2364 Karolini,
533 2295 564 2351 et
577 2287 661 2350 inter
675 2305 728 2350 eos
738 2286 898 2365 praecipue
908 2285 1046 2347 Karolus
1060 2287 1205 2366 Magnus
1218 2306 1283 2349 non

211 2389 429 2468 neglexerunt.
450 2411 463 2442 ι
480 2385 571 2450 Circa
585 2403 738 2466 pauperes
753 2383 808 2464 (t),
827 2383 937 2446 scribit
949 2381 1141 2461 Einhardus,
1158 2393 1282 2448 susten-

212 2486 320 2548 tandos
330 2492 361 2548 et
374 2485 546 2566 gratuitam
560 2483 790 2572 liberalitatem,
804 2500 904 2562 quam
914 2481 1016 2544 Graeci
1027 2487 1140 2544 vocant
1149 2483 1283 2546 eleemo-

210 2601 333 2662 synam,
352 2583 584 2658 devotissimus,
600 2588 637 2642 ut
650 2581 785 2660 quinon
801 2579 834 2640 in
849 2580 951 2660 patria
973 2579 1078 2642 solum
1092 2585 1122 2641 et
1137 2581 1171 2642 in
1186 2599 1283 2660 regno

209 2697 267 2741 suo
290 2679 323 2741 id
346 2679 449 2742 iacere
472 2679 640 2753 curaverit,
664 2695 778 2740 verum
800 2679 1014 2753 transmaria,
1039 2678 1074 2738 in
1101 2677 1228 2758 Syriam
1252 2687 1284 2741 et

208 2777 385 2856 AEgyptum
401 2782 497 2855 atque
519 2776 673 2852 Africam,
699 2774 941 2854 Hierosolymis,
964 2775 1165 2837 Alexandria
1184 2782 1283 2855 atque

208 2872 402 2952 Carthagini,
427 2873 484 2934 ubi
503 2872 691 2934 christianos
705 2872 739 2932 in
760 2878 945 2952 paupertate
959 2879 1165 2950 compererat,
1177 2890 1281 2952 penu-

206 2970 263 3030 riae
284 2969 415 3031 illorum
437 2970 640 3050 compatiens,
666 2969 834 3048 pecuniam
857 2969 984 3031 mittere
1004 2968 1132 3045 solebat,
1154 2969 1193 3030 ad
1221 2969 1283 3033 hoc

207 3067 346 3130 maxime
361 3086 475 3148 regum
491 3068 776 3130 transmarinorum
787 3067 942 3130 amicitias
956 3074 1113 3147 expetens,
1132 3075 1168 3128 ut
1182 3067 1272 3129 cbris-

207 3166 300 3230 tianis
320 3165 380 3227 sub
401 3184 513 3228 eorum
534 3164 701 3228 dominatu
719 3164 905 3243 degentibus
928 3165 1131 3246 refrigerium
1151 3165 1277 3245 aliquod

205 3280 243 3325 ac
256 3264 405 3326 relevatio
419 3263 606 3343 perveniret.
626 3287 639 3318 i
658 3261 754 3324 Haud
769 3280 859 3324 secus
873 3280 910 3324 ac
929 3261 1025 3324 hodie
1039 3262 1163 3324 Russiae
1176 3263 1279 3340 impe-

207 3367 335 3437 ratores,
354 3360 490 3422 Karolus
504 3359 564 3421 sibi
578 3377 635 3438 per
648 3358 813 3422 Orientem
828 3360 1015 3423 conciliabat
1036 3360 1159 3422 animos
1174 3359 1278 3422 chris-

205 3459 366 3520 tianorum
380 3475 444 3519 non
459 3456 582 3536 magnis
595 3456 762 3537 impensis,
781 3463 813 3519 et
833 3457 973 3519 Franciae
986 3457 1207 3520 auctoritatem
1222 3474 1279 3536 per

205 3555 263 3617 has
277 3556 404 3634 penitus
420 3560 557 3616 remotas
572 3555 716 3633 regiones
740 3556 903 3618 fundabat.
920 3551 1037 3618 Felices
1051 3555 1190 3618 nimium
1204 3555 1274 3635 ejus

204 3669 411 3730 successores,
429 3651 455 3714 si
472 3651 586 3714 talibus
596 3669 720 3732 semper
734 3653 920 3715 institissent
933 3652 1073 3731 vestigiis
1089 3658 1096 3713 t

243 3933 258 3982 2
278 3931 437 3984 Parnassus.
449 3929 631 3982 Introduction
643 3932 664 3980 1.
681 3933 720 3982 66.

243 3995 257 4044 3
280 3994 369 4045 Khelil
381 3994 508 4044 Duukeri.
524 3992 683 4044 Prsbsssus.
700 3993 800 4044 lutrod.
813 3995 834 4045 1.
853 3994 904 4045 126.

233 4056 408 4119 (libramini.
424 4056 554 4117 Teulettl.
577 4055 616 4108 86.
636 4055 674 4107 Gi.
694 4057 825 4122 sigeberti
844 4057 965 4109 Chronio.
984 4059 1038 4110 785.
1060 4060 1143 4120 Bono.
1158 4055 1191 4109 V.
1206 4058 1260 4111 377.

203 4119 368 4170 Guruuutuus
380 4118 444 4168 Tm.
460 4119 480 4168 Ι.
496 4118 534 4170 53.

233 3870 254 4058 {l
278 3869 430 3920 Ktnruoru.
444 3869 555 3921 Journal
567 3867 715 3934 Asiatiqua,
732 3873 749 3919 t.
766 3868 799 3918 V.
