3359 5142
810 589 857 648 -Ι
873 552 911 616 50
932 589 972 598 .-

347 703 474 764 cietates
499 703 699 778 constituere,
731 721 872 783 quarum
896 705 1002 782 plnres
1025 704 1195 765 subierunt
1218 704 1429 788 oblivionem,

347 799 508 858 uounullae
537 806 646 859 autem
682 809 898 878 pervenerunt
919 801 959 862 ad
983 818 1050 872 nos,
1073 802 1237 862 societates
1275 802 1431 862 nimirum

348 904 522 956 nautarum
549 895 707 970 Rhodani,
733 898 909 977 Ararisque
926 905 958 958 et
975 897 1140 960 Druentia
1157 898 1213 976 (1).
1240 898 1339 959 Nulla
1358 912 1433 957 vcro

346 992 478 1053 societas
494 993 595 1069 magis
611 997 716 1055 notuit
733 1013 831 1074 quarn
854 994 1148 1072 splendidissimum
1170 1013 1285 1073 corpus
1309 1009 1434 1055 merca-

347 1097 453 1149 torum
481 1107 572 1168 aquae
604 1092 791 1153 parisiensis
813 1091 869 1169 (2),
887 1090 983 1169 qnod,
1010 1090 1070 1151 sub
1102 1091 1228 1152 Tiberio
1254 1091 1321 1170 jam
1350 1107 1433 1167 pree·

344 1195 473 1265 potem,
504 1189 678 1268 multisque
710 1189 855 1250 eminens
883 1187 1059 1264 privilegiis
1085 1185 1141 1266 (3),
1175 1205 1249 1247 mox
1274 1187 1433 1247 Lutetiam

346 1283 575 1345 divitiisauxit.

385 1380 520 1452 Quando
536 1381 662 1442 barbari
681 1382 817 1444 Galliam
841 1399 1045 1460 occupavere,
1072 1387 1246 1440 nautarum
1269 1381 1433 1442 societates

347 1477 449 1553 magis
464 1495 499 1538 ac
515 1479 617 1554 magis
632 1477 820 1552 floruerunt,
839 1479 960 1539 nedum
975 1495 1054 1562 cum
1065 1476 1136 1536 aliis
1151 1476 1305 1536 institutis
1324 1477 1428 1554 perie-

348 1573 424 1632 rint.
442 1574 662 1635 Terrestribns
687 1575 775 1635 euim
795 1575 854 1635 riis
873 1593 930 1653 per
950 1573 1109 1635 incuriam
1129 1581 1185 1634 aut
1209 1573 1433 1651 negligentiam

345 1671 519 1747 impertiis,
538 1669 638 1746 fluvii,
657 1679 766 1750 utpote
783 1673 942 1734 naturalia
964 1673 1096 1745 itinera,
1117 1672 1176 1732 soli
1194 1672 1318 1733 fructus
1337 1672 1432 1732 alias-

346 1784 408 1843 que
424 1766 496 1826 vitae
511 1768 712 1828 necessitates
727 1768 792 1830 huc
807 1771 884 1830 illuc
899 1770 1142 1841 transferebant,
1155 1768 1431 1846 quemadmodum

320 1871 376 1924 et
391 1863 486 1925 hodie
511 1865 659 1926 videmus
683 1865 715 1925 in
740 1865 923 1942 regionibus
947 1865 1103 1926 Aurcricae
1127 1871 1184 1926 aut
1208 1863 1354 1925 Oceaniae
1379 1863 1432 1924 viu

346 1961 482 2038 coguitis
497 1971 553 2022 aut
568 1963 715 2023 nondum
730 1963 880 2024 habitatis
895 1964 1013 2024 incolas
1028 1964 1076 2023 uti
1091 1962 1198 2022 fluviis
1214 1962 1313 2024 veluti
1327 1962 1433 2028 unicis

345 2058 529 2118 commercii
553 2058 667 2118 modis.
698 2058 777 2120 Inde
801 2061 905 2139 major
926 2059 1130 2120 nauticarum
1153 2044 1343 2120 societatum
1367 2077 1430 2118 nu-

346 2172 465 2230 merus,
485 2155 558 2215 inde
573 2155 696 2236 majora
710 2175 837 2218 crevere
865 2158 1041 2235 privilegia,
1066 2158 1185 2236 quihus
1208 2157 1430 2236 nequidquam

350 2251 542 2312 obstiterunt
557 2251 644 2312 inille
659 2253 891 2330 impedimenta
905 2261 936 2314 et
951 2255 1141 2314 exactiones.

387 2347 543 2409 Fluvialia
558 2367 632 2409 vero
647 2349 762 2410 itinera
777 2350 941 2410 interdum
957 2349 1160 2410 difficultates
1183 2349 1325 2427 praebent
1347 2367 1427 2427 quas

345 2463 476 2523 superes
490 2464 616 2506 necesse
632 2454 694 2521 est3
713 2447 957 2508 inundationem
972 2447 1099 2521 scilicet,
1124 2454 1180 2507 aut
1203 2447 1348 2525 riparum
1364 2447 1428 2507 hu-

345 2543 488 2602 miditate
504 2561 668 2604 erosarum
688 2544 828 2616 ruinam,
847 2543 1014 2603 autetiam
1038 2560 1210 2604 arenarum
1235 2543 1428 2620 congeriem.

346 2639 400 2700 Nil
415 2639 514 2715 igitur
529 2640 649 2700 miru'nr
665 2641 691 2700 si
708 2649 822 2712 nautae,
845 2640 901 2716 qui
917 2638 1281 2700 fluvialibusitiuerilrus
1300 2647 1431 2700 uteren-

291 2791 292 2794 ,
346 2744 413 2810 tur,
431 2755 468 2797 ea
483 2755 610 2798 seruare
628 2737 751 2814 integra
766 2743 821 2796 aut
837 2736 968 2796 relicere
992 2735 1154 2796 deberent.
1176 2735 1376 2797 Documento
1392 2736 1431 2796 sit

345 2834 439 2910 Liger
454 2835 521 2912 qui,
540 2834 628 2895 haud
643 2853 733 2895 secus
748 2852 784 2895 ac
807 2832 912 2906 hodie,
931 2839 1061 2911 propter
1080 2849 1235 2909 maguum
1259 2832 1431 2893 decursum

277 2918 279 2923 ’
344 2947 523 3007 aquarum,
556 2939 586 2992 et
615 2931 697 2991 alvei
728 2929 953 3005 exiguitatem,
990 2946 1072 3006 sape
1101 2928 1291 2988 inundabat.
1324 2929 1432 2990 Exstat

345 3026 570 3103 capitularium
588 3027 655 3106 (4);
678 3051 690 3081 κ
709 3027 756 3088 De
772 3025 940 3102 aggeribus
952 3026 1044 3105 juxta
1064 3025 1204 3101 Ligerim
1228 3025 1382 3095 iaciendis
1398 3033 1433 3085 ut

346 3124 449 3183 honus
465 3125 581 3184 missus
596 3125 700 3185 eidem
725 3121 813 3200 operi
835 3130 1048 3198 praepouatur,
1080 3129 1110 3180 et
1133 3121 1194 3181 hoc
1219 3121 1357 3198 Pippiuo
1377 3141 1432 3200 per

347 3230 493 3281 nostrum
508 3221 643 3281 missum
666 3219 849 3292 mandetur,
877 3224 912 3277 ut
926 3224 957 3278 et
980 3217 1031 3277 ille
1053 3217 1094 3278 ad
1119 3219 1181 3279 hoc
1198 3220 1333 3279 missum
1350 3221 1432 3280 ordi-

349 3327 401 3380 net
416 3327 576 3396 quatenus
588 3319 775 3398 pradictum
792 3335 871 3396 opus
887 3316 1109 3394 perficiatur.»

778 3530 831 3589 Via
852 3539 1010 3589 terrestres.

392 3704 459 3763 Vite
474 3712 581 3764 autern
599 3710 771 3776 terrestres,
790 3701 939 3780 quamuis
955 3702 1072 3778 pariter
1082 3700 1174 3760 utiles
1187 3719 1223 3762 ac
1234 3702 1427 3775 necessariae,

352 3818 414 3860 non
431 3800 549 3876 pariter
577 3799 715 3858 tlornere
739 3805 813 3858 tunc
838 3796 1000 3874 temporie.
1028 3796 1165 3857 Romani
1193 3805 1297 3860 tamen
1315 3799 1432 3862 Gallias

384 3971 416 4046 (l)
431 3971 547 4066 Gurrqu.
564 3970 617 4026 lis),
634 3971 653 4018 l.
665 3997 693 4005 -
706 3941 758 4019 tii..
774 3970 795 4018 3.
810 3996 840 4004 -
857 3972 908 4026 nt,
923 3974 944 4018 t.
955 3996 984 4005 —
997 3946 1167 4018 rrrrsrxuurxs.
1182 3970 1383 4022 n'mlroucnures
1398 3973 1433 4022 du

353 4033 550 4157 Rllliutssgulc'rmi.
567 4095 635 4144 aiil.
651 4123 679 4132 -
695 4075 747 4148 tt't.
763 4095 785 4142 8.
805 4122 835 4131 -
859 4094 988 4143 thruisx.
1009 4094 1077 4142 Hist.
1094 4091 1126 4141 de
1144 4092 1228 4152 Paris,
1244 4095 1264 4144 Ι.
1282 4123 1310 4131 -
1333 4095 1431 4146 Lusor.

352 4159 463 4208 nissen.
481 4173 527 4208 sur
543 4157 662 4222 l'origiuo
677 4157 709 4206 de
723 4156 961 4207 l'Hdtcl-de-l'ille.

384 4223 415 4283 (3)
433 4222 555 4271 Discors.
573 4219 601 4268 L.
619 4221 640 4274 l.
656 4224 677 4270 t.
693 4220 797 4269 -Gon
813 4219 914 4269 Tutoo.
931 4218 1005 4269 ΧΙΙΙ.
1022 4221 1044 4277 5,
1064 4220 1098 4269 to.

384 4286 416 4349 (l)
432 4285 494 4348 Cap.
510 4281 708 4356 ulelreodouis
721 4283 811 4332 villum
827 4282 890 4345 (Sil)
907 4282 941 4331 l0.
