3359 5142
860 690 1021 756 ..36-

402 843 594 918 oommercii,
613 845 664 905 cui
679 862 744 906 sese
761 845 835 906 dare
850 844 969 906 audent
989 845 1047 906 soli
1061 850 1117 906 aut
1137 844 1267 906 advenae
1288 851 1344 905 aut
1357 843 1475 920 Judaei,

402 939 518 1002 seilicet
533 958 642 1002 omnes
657 941 774 1020 quibus
789 942 877 1002 nulla
891 941 952 1003 alia
968 941 1097 1002 vivendi
1112 941 1164 1003 via
1177 942 1287 1004 relicta
1301 949 1358 1004 est.

780 1221 891 1296 Reputo
925 1221 1101 1281 atteteritur.

442 1439 484 1499 At
510 1439 597 1500 enim
621 1439 749 1516 regibus
773 1457 952 1518 regumque
972 1439 1127 1499 ministris
1145 1438 1366 1516 militibusque
1389 1438 1480 1517 copia

404 1543 470 1596 erat
498 1536 664 1597 coercendi
687 1537 771 1598 talia.
795 1537 891 1598 Haud
906 1537 949 1596 ita
972 1553 1124 1614 prorsus:
1150 1535 1251 1614 Reges
1274 1535 1362 1595 enirn
1385 1533 1425 1595 ad
1445 1534 1480 1594 id

402 1632 596 1692 infirmitatis
611 1633 734 1694 reducti
748 1634 876 1694 fuerant
895 1639 929 1694 ut
943 1634 1001 1710 ipsi
1017 1633 1135 1692 milites
1153 1639 1184 1693 et
1204 1649 1317 1708 regum
1339 1632 1479 1693 ministri

404 1729 515 1790 darent
529 1731 711 1808 exemplum
726 1731 914 1808 rapinarum
932 1730 988 1809 (1).
1007 1755 1021 1786 a
1039 1731 1220 1791 Ludovieus
1238 1730 1317 1789 Pius
1337 1729 1480 1790 inhibuit

405 1845 423 1887 a
443 1827 532 1904 plebe
556 1827 693 1888 ulterius
708 1846 849 1890 annonas
867 1829 1029 1902 militares,
1047 1844 1127 1906 quas
1145 1828 1240 1904 vulgo
1258 1827 1406 1888 foderum
1426 1845 1479 1888 vo-

403 1931 484 1998 cant,
503 1923 581 1984 dari.
606 1919 644 1986 Et
666 1926 740 1986 licet
758 1925 819 1986 hoc
840 1927 900 1986 viri
926 1925 1079 1985 militares
1098 1941 1181 2001 aegre
1206 1924 1346 1998 tulerint,
1373 1931 1479 1985 tamen

403 2020 455 2081 ille
479 2019 529 2079 vir
549 2021 773 2083 misericordiae
799 2022 1000 2083 considerans
1023 2028 1053 2082 et
1080 2020 1292 2098 praebentium
1312 2021 1481 2097 penuriam

404 2124 434 2178 et
449 2117 644 2195 exigentium
660 2117 881 2179 crudelitatem
896 2119 934 2179 de
956 2136 1013 2178 suo
1034 2117 1276 2178 subministrare
1299 2117 1365 2176 suis
1383 2117 1480 2178 satius

401 2214 566 2295 judicavit,
580 2231 677 2292 quam
706 2233 779 2274 suos
807 2215 932 2276 irretire
950 2215 1110 2292 periculis.
1130 2238 1143 2268 »
1163 2215 1200 2275 Id
1215 2220 1323 2275 autem
1337 2215 1476 2275 frustra:

404 2313 481 2394 Ejus
496 2313 540 2393 (2)
563 2315 650 2375 enirn
673 2314 758 2374 filius
781 2333 904 2376 severas
927 2315 1092 2376 instituere
1117 2313 1226 2375 debuit
1250 2329 1357 2390 poenas
1372 2319 1481 2374 contra

404 2415 547 2487 potentes
572 2416 603 2470 et
624 2409 795 2471 honoratos
819 2411 885 2472 sire
909 2410 1133 2472 ecclesiasticos
1155 2411 1220 2471 sive
1242 2409 1409 2471 seaculares
1424 2409 1481 2488 qui

408 2529 421 2559 «
438 2522 456 2565 a
471 2503 595 2582 populo,
621 2505 652 2564 in
679 2523 818 2582 quorum
840 2504 988 2565 domibus
1011 2505 1191 2566 mansiones
1218 2506 1388 2583 accipiunt,
1415 2507 1481 2566 suis

405 2601 526 2676 usibuS,
553 2619 749 2680 suorumque
771 2619 931 2680 equorum
951 2603 1129 2663 necessaria
1151 2620 1208 2680 per
1229 2603 1296 2662 vim
1319 2603 1478 2664 tollunt.»

406 2697 483 2758 Haec
515 2697 574 2758 sub
611 2699 818 2775 regnantibus
846 2699 957 2777 primis
986 2698 1147 2758 Karolinis
1175 2725 1182 2759 :
1215 2699 1299 2772 Quid
1322 2717 1396 2778 ergo
1422 2698 1481 2759 sub

342 2821 343 2825 ¹
406 2801 562 2856 extremos
576 2794 712 2875 hujusce
733 2797 839 2876 stirpis
856 2798 969 2874 reges?

446 2891 629 2964 Quinetiam
643 2893 721 2972 regi,
752 2899 783 2954 et
806 2895 964 2973 praesenti,
989 2895 1119 2958 facultas
1136 2913 1200 2955 non
1225 2902 1292 2956 erat
1309 2895 1482 2962 obsistendi

407 2987 632 3064 exactionibus,
651 2990 675 3048 si
692 2989 804 3052 salt-cm
829 2991 983 3069 vigesimo
1008 2999 1117 3054 octavo
1133 2993 1245 3054 canoni
1261 2993 1385 3055 concilii
1399 2994 1482 3054 Mel-

407 3086 513 3147 densis
527 3103 610 3146 anno
624 3103 759 3149 ncncxuv
774 3089 935 3150 credimus
950 3088 994 3169 (3)
1007 3116 1014 3150 ι
1047 3113 1060 3144 a
1077 3090 1191 3150 Vestra
1205 3089 1343 3151 studebit
1357 3090 1483 3168 magni-

409 3183 485 3244 tudo
500 3182 648 3244 obnixius
663 3183 877 3248 observarent
891 3187 1042 3264 civitates,
1060 3205 1116 3265 per
1126 3188 1208 3266 regis
1223 3188 1402 3262 transitum,
1420 3204 1484 3247 non

407 3278 638 3356 depraedentur,
657 3285 693 3339 ut
708 3281 837 3357 quando
851 3281 1005 3343 transitus
1020 3289 1124 3344 vester
1140 3286 1230 3365 juxta
1245 3284 1386 3344 civitates
1401 3283 1484 3344 acci-

407 3375 496 3450 derit,
515 3375 676 3437 immunes
696 3383 727 3438 et
748 3377 863 3440 liberas
884 3386 988 3442 vestra
1010 3381 1184 3442 dominatio
1203 3381 1314 3459 jubeat
1329 3397 1348 3440 a
1362 3380 1483 3458 deprae-

408 3471 572 3532 dationum
611 3473 828 3537 exactionibus
865 3476 935 3538 fieri
973 3477 1154 3538 mansiones
1193 3477 1276 3537 intra
1313 3477 1484 3537 civitatem.

409 3570 530 3643 Quia...
547 3571 688 3656 pristinae
701 3573 922 3634 immunitates
937 3579 969 3635 el
984 3573 1240 3634 confirmationes
1253 3573 1484 3648 infringuntur,

401 3666 488 3746 ¹dum
520 3674 550 3728 et
579 3669 663 3730 cives
686 3669 726 3736 ab
749 3668 928 3748 hospitibus
957 3669 1192 3747 opprimuntur,
1217 3686 1275 3730 sua
1295 3686 1360 3728 non
1383 3667 1486 3728 solum

408 3764 545 3831 vendere
565 3763 786 3843 prohibentur,
811 3767 920 3827 sedet
944 3771 1071 3844 propter
1099 3765 1311 3842 direptionem
1335 3768 1405 3840 post
1433 3778 1486 3822 eos

404 3876 483 3944 ,cum
498 3863 619 3939 gemitu
629 3863 766 3924 clamare
782 3870 972 3942 cogantur.»
990 3863 1036 3924 Ex
1050 3880 1115 3941 quo
1130 3862 1243 3942 conjici
1257 3867 1358 3940 potest
1369 3858 1487 3939 quibus

407 3959 608 4031 contumeliis
632 3961 754 4023 onerati
774 3960 957 4041 quibusque
980 3960 1129 4038 periculis
1153 3959 1362 4021 circumventi
1387 3974 1488 4034 nego-

408 4053 539 4116 tiatores
553 4063 667 4132 essent,
685 4057 794 4136 procul
809 4074 828 4117 a
843 4074 927 4134 rege.

439 4231 472 4288 (ll
487 4230 570 4288 Boua.
587 4228 634 4286 Vl,
651 4231 688 4281 90.

439 4293 472 4354 (l)
486 4293 597 4342 Biturs.
613 4293 648 4346 ll.
663 4293 716 4349 345,
728 4307 760 4343 ca
782 4332 786 4341 .
805 4295 859 4356 (854
873 4333 878 4349 ,
894 4294 916 4343 l.

438 4355 471 4416 (3)
487 4355 581 4425 beree.
594 4355 718 4407 Concilio.
735 4308 795 4413 Vll,
812 4295 879 4407 1823.
