3359 5142
695 687 854 751 ...87-

698 990 847 1050 Latrones.

268 1225 322 1287 ‘Ea'
335 1225 422 1286 enim
436 1231 620 1303 tempestate
634 1223 771 1286 latrones
787 1225 917 1302 impune
932 1223 1167 1303 grassabantur,
1184 1243 1307 1304 suaque

236 1322 399 1384 latrocinia
412 1340 470 1382 nos
484 1340 574 1383 secus
587 1342 624 1384 ac
637 1331 739 1384 artem
754 1322 993 1401 profitebantur.
1010 1322 1088 1384 Rari
1108 1322 1184 1383 olim
1203 1329 1303 1397 erant,

236 1427 267 1483 et
287 1421 318 1482 in
349 1438 401 1481 eos
427 1418 578 1496 benignas
596 1438 702 1499 poenas
723 1420 908 1498 capitularia
929 1421 1038 1481 ierunt
1059 1419 1103 1496 (l)
1121 1444 1128 1478 ε
1148 1418 1211 1480 «si
1234 1420 1308 1498 quis

237 1518 319 1579 infra
343 1535 478 1595 regnum
507 1517 652 1594 rapinam
676 1516 801 1590 iecerit,
833 1521 889 1576 aut
917 1515 1068 1594 cuiquam
1087 1521 1195 1576 nostro
1221 1515 1308 1577 fideli

236 1615 368 1695 ejusque
396 1613 529 1693 homini
543 1613 666 1692 aliquid
681 1613 712 1674 vi
731 1613 924 1688 abstuelerit3
947 1614 980 1673 in
998 1612 1090 1690 triplo
1111 1613 1164 1674 cui
1186 1612 1307 1690 aliquid

236 1711 364 1773 abstulit
382 1711 505 1790 legibus
526 1717 701 1789 componat,
728 1717 758 1771 et
781 1711 913 1788 insuper
939 1710 1084 1771 bannum
1110 1715 1267 1781 nostrum,
1297 1711 1308 1772 i

235 1827 275 1882 e,
315 1809 475 1886 sexaginta
510 1808 624 1870 solidos
659 1808 750 1869 nohis
781 1815 957 1886 componat.
996 1807 1204 1868 Postmodum
1232 1825 1307 1869 vero

235 1917 307 1968 arcte
321 1925 378 1968 nos
397 1908 544 1968 acomite
565 1906 750 1980 adducatur,
776 1914 822 1980 nt,
844 1907 879 1965 in
901 1905 1062 1967 bastonico
1087 1912 1232 1966 retrusus
1250 1924 1306 1966 us-

234 2020 297 2080 que
312 2002 390 2063 dum
413 2003 502 2063 nolus
523 2003 686 2081 placuerit,
704 2003 771 2063 luat
794 2019 912 2079 pmrras.
929 2026 948 2072 ,r
968 2003 1007 2063 In
1021 2002 1088 2064 dies
1106 2009 1214 2080 autem
1228 2003 1306 2064 adeo

234 2099 332 2160 crevit
355 2099 516 2160 latronum
540 2099 671 2161 audacia
689 2105 726 2158 ut
748 2115 815 2159 sese
839 2098 874 2158 in
897 2100 1059 2161 societates
1087 2099 1303 2172 formaverint,

233 2195 364 2273 viasque
387 2196 519 2256 iecerint
539 2194 709 2273 impervias
731 2193 786 2273 (2).
813 2193 932 2255 Idcirco
955 2214 1028 2258 mox
1047 2196 1133 2256 silvae
1153 2195 1306 2257 sabuleta·

234 2310 296 2369 que
331 2293 364 2354 iu
392 2291 499 2354 locum
531 2310 717 2371 camporum
745 2311 932 2355 successere.
966 2295 1012 2356 Ex
1044 2293 1124 2355 urbe
1152 2294 1306 2355 Meldensi

234 2407 335 2466 usque
362 2389 403 2451 ad
430 2391 649 2452 Aremoricam
676 2391 721 2452 nil
756 2390 843 2453 alind
872 2397 947 2452 tunc
982 2395 1081 2451 exstat
1101 2406 1205 2466 ‘quam
1240 2390 1305 2451 im·

232 2503 343 2548 mensa
367 2488 453 2565 regio
479 2488 566 2548 silvis
593 2486 732 2564 horrida,
763 2507 782 2551 a
812 2489 921 2568 paucis
957 2487 1131 2549 viatoribus
1161 2488 1303 2549 lustrata.

233 2585 453 2646 Formidandae
467 2585 553 2646 enim
567 2597 739 2648 narrantur
753 2587 877 2661 fabula,
892 2603 1031 2664 quarum
1046 2593 1190 2647 auctores
1199 2586 1305 2648 forsan

232 2682 292 2759 ipsi
319 2681 456 2742 latrones
484 2688 539 2742 aut
574 2682 670 2743 etiam
694 2683 895 2760 castellorum
925 2682 1047 2743 domini
1077 2682 1229 2743 evadunt.
1255 2682 1305 2743 Ne

233 2778 407 2856 peregrinis
422 2777 554 2856 quidem
568 2785 644 2839 tunc
658 2785 786 2856 parcent
796 2780 945 2841 latrones.
965 2803 978 2833 α
996 2779 1192 2840 Perventum
1201 2782 1248 2838 est
1263 2776 1304 2837 ad

230 2894 288 2936 nos
312 2876 397 2954 quod
423 2893 475 2936 eos
497 2876 553 2952 qui
575 2875 712 2939 Romam
735 2877 885 2938 orationis
908 2894 1002 2938 causa
1023 2881 1158 2953 pergunt
1172 2873 1222 2936 vel
1245 2875 1301 2952 qni

230 2971 412 3050 negotiandi
433 2989 527 3032 causa
547 2989 603 3050 per
631 2991 764 3051 regnum
789 2979 935 3034 nostrum
959 2972 1153 3045 discurrunt,
1179 2970 1302 3032 collecti

230 3069 367 3129 latrones
381 3068 540 3146 diripiant,
559 3087 676 3148 eosque
697 3071 865 3150 aliquoties
879 3071 1058 3143 vulnerent,
1076 3069 1127 3130 vel
1146 3068 1298 3142 occidant,

230 3183 407 3244 eorumque
421 3165 504 3226 bona
518 3167 642 3244 capiant
660 3174 723 3228 eto.
745 3192 758 3221 l
776 3168 889 3228 Totam
907 3167 1006 3244 igitur
1023 3166 1190 3227 Franciam
1205 3183 1301 3227 occu-

229 3269 283 3338 pat
303 3270 406 3324 terror
419 3263 540 3340 ingens,
564 3281 683 3342 perque
707 3282 844 3341 regnum
865 3263 996 3325 omnino
1017 3269 1116 3325 cessat
1141 3279 1300 3323 commer-

232 3360 329 3420 cium.

269 3455 385 3519 Omnia
403 3458 502 3536 igitur
524 3459 764 3532 concurrebant,
791 3466 828 3519 ut
856 3459 891 3518 in
919 3457 1053 3520 exitium
1081 3462 1190 3518 rueret
1210 3472 1300 3516 com-

228 3553 394 3627 mercium,
412 3571 579 3632 procerum
595 3553 712 3614 scilicet
734 3553 916 3627 auctoritas,
940 3554 1049 3615 nimiae
1069 3551 1297 3623 immunitates,

228 3667 341 3726 regum
363 3650 559 3727 impotentia,
577 3649 779 3726 latronesque
793 3649 955 3726 impuniti.
979 3648 1230 3710 Adversantihns
1251 3653 1300 3708 ta·

227 3763 302 3805 men
325 3752 356 3806 et
380 3747 630 3823 repugnantibus
647 3753 689 3806 tot
703 3746 815 3820 causis¹
834 3747 1064 3807 commercium
1088 3745 1221 3806 fortasse
1234 3761 1300 3804 non

226 3839 368 3902 desiisset
389 3841 451 3901 nisi
473 3841 634 3902 calamims
655 3842 817 3903 accidisset
834 3840 1017 3920 inopiniata,
1036 3842 1298 3904 Normaunorum

226 3937 427 4015 aliorumque
441 3937 511 3999 dico
529 3939 727 4000 incursiones
741 3946 873 4018 perpetu
889 3957 988 4017 asque
1004 3938 1206 4017 direptiones.

258 4161 289 4224 q)
304 4162 367 4211 Bar.
383 4163 404 4214 l.
419 4163 472 4217 ota,
488 4176 546 4226 cap.
563 4163 644 4225 lngel.
659 4163 683 4211 l.
701 4189 730 4199 -
745 4163 808 4212 Bac.
824 4163 845 4215 I.
863 4162 928 4219 tato,
944 4176 1002 4212 can.
1018 4163 1102 4218 Isaac,
1118 4163 1156 4212 tit.
1171 4168 1193 4214 a.

258 4225 289 4286 (i)
304 4223 365 4274 Bne.
380 4225 412 4276 ll.
427 4225 479 4279 att,
494 4225 572 4289 capit.
592 4225 759 4289 imperatoris
775 4224 899 4274 Ludorici
914 4224 1029 4276 Secrrudi
1044 4225 1115 4286 (ast).
