3359 5142
683 700 843 764 ..85-

224 848 397 910 exsisteret.
419 849 523 926 Reges
545 850 633 912 enim
661 847 783 910 nullam
812 833 897 910 iuter
919 867 987 910 sese
1014 854 1161 909 exercent
1182 847 1297 910 amici·

224 945 311 1021 tiam,
328 946 427 1026 inque
441 945 508 1008 suis
522 947 629 1026 regnis
645 946 790 1026 impediti
800 964 853 1008 res
866 954 989 1010 exteras
1002 945 1139 1025 ideoque
1153 945 1297 1024 negotia-

224 1050 307 1104 tores
334 1043 464 1105 omnino
490 1043 669 1122 negligunt.
705 1043 856 1105 Proceres
878 1049 997 1118 autem,
1028 1042 1241 1122 quiquidem
1266 1041 1298 1103 id

222 1140 326 1202 solum
341 1148 453 1202 curant
468 1147 504 1202 ut
518 1141 700 1202 vicinorum
713 1141 888 1219 potentiam
907 1140 1063 1218 frangant,
1082 1139 1121 1202 de
1135 1140 1298 1218 provincia

223 1255 281 1299 sua
294 1255 366 1300 raro
379 1237 599 1316 egrediuntur.
626 1237 798 1300 Civitatem
818 1237 930 1300 incolae
942 1244 1000 1298 aut
1021 1255 1054 1299 se
1073 1236 1250 1299 defendunt
1263 1238 1297 1298 in

223 1351 387 1414 proceres,
419 1341 474 1396 aut
501 1335 648 1396 civilibus
680 1334 825 1396 laborant
857 1334 1045 1408 discordiis,
1074 1340 1207 1412 sumptu
1234 1352 1298 1414 que

223 1431 469 1506 exhauriuntur,
501 1449 564 1492 non
589 1432 658 1512 jam
681 1442 717 1493 ut
744 1449 841 1494 naves
868 1431 1042 1505 adornent,
1069 1430 1124 1493 sed
1145 1438 1183 1492 ut
1208 1448 1299 1494 arma

224 1527 370 1603 habeant,
389 1529 567 1609 maeniaque
581 1529 746 1592 aedificent.
765 1529 859 1592 Plebs
882 1529 1021 1608 denique
1042 1528 1216 1591 obrutescit
1234 1530 1279 1592 mi

223 1627 305 1689 seria
318 1634 349 1689 et
362 1627 524 1689 servitute.
541 1627 626 1702 Quid
640 1627 753 1705 plura?
769 1628 989 1704 Negotiatores
1003 1644 1067 1688 non
1087 1626 1182 1688 modo
1207 1634 1298 1690 extra

225 1723 400 1800 Franciam,
418 1725 483 1786 imo
501 1742 542 1786 ne
565 1742 657 1786 suam
675 1725 808 1804 quidem
826 1732 914 1786 extra
930 1721 1055 1799 urbem,
1077 1725 1215 1786 lortunae
1236 1724 1298 1788 dis·

224 1822 345 1884 crimen
375 1829 495 1883 tentare
523 1840 589 1883 nou
612 1821 740 1896 audent,
771 1822 890 1902 quippe
912 1822 969 1901 qui
991 1822 1035 1883 nil
1060 1821 1146 1884 aliud
1174 1828 1298 1883 certum

224 1919 388 1980 inveniant
402 1936 500 1997 quam
510 1918 729 1998 spoliationem
742 1926 774 1982 et
786 1918 1063 1981 latrociniumNil
1072 1918 1298 1998 igiturmirum
1350 1982 1355 1992 ,

224 2017 251 2078 si
264 2015 424 2092 monachi,
445 2023 520 2078 tunc
536 2018 694 2096 temporis,
713 2017 752 2080 de
764 2018 957 2080 monasterio
971 2017 1012 2080 ad
1025 2017 1113 2078 aliud
1134 2023 1296 2079 monaste-

225 2114 311 2176 rinm
325 2115 488 2176 mitterent
502 2115 658 2193 epistolas,
682 2133 746 2177 non
766 2133 857 2177 secus
871 2132 908 2176 ac
922 2114 948 2175 si
967 2114 1046 2177 duas
1064 2114 1178 2176 mundi
1192 2122 1297 2192 partes

226 2212 352 2289 penitus
381 2217 519 2274 remotas
551 2211 756 2288 habitarent3
787 2213 814 2273 si
836 2212 1056 2291 geographica
1084 2212 1228 2273 notiones
1252 2211 1297 2290 (l)

224 2308 303 2370 adeo
317 2308 510 2372 exoleverint
525 2315 561 2370 ut
576 2317 705 2388 nepotes
724 2310 987 2372 Normannorum
1006 2310 1064 2389 qui
1083 2327 1188 2388 nuper
1202 2315 1301 2370 totam

225 2405 433 2484 peragrabant
456 2407 627 2486 Europam,
654 2406 820 2469 crederent
843 2407 969 2468 Lunam
992 2423 1059 2468 esse
1087 2406 1239 2481 Romam,
1261 2406 1301 2468 de

225 2503 339 2566 Scania
366 2504 499 2567 obscure
527 2506 746 2584 loquerentur,
778 2505 952 2584 Daciaeque
976 2504 1074 2566 situm
1101 2503 1294 2583 ignorarent,

224 2619 320 2680 quam
337 2620 403 2663 non
416 2603 527 2680 procul
537 2602 577 2664 ab
592 2602 679 2664 ostiis
695 2601 834 2663 Danubii
850 2609 1003 2679 ponerent
1020 2599 1076 2679 (i).

653 2789 875 2848 litttuunt'tutes.

262 2944 369 3007 Causa
385 2944 525 3006 exstabat
545 2945 616 3020 alia,
643 2961 715 3022 quae
743 2945 974 3006 commercium
998 2945 1031 3006 in
1053 2945 1145 3024 pejus
1169 2943 1299 3006 trahere

224 3043 367 3118 debebat,
384 3043 603 3104 immunitates
617 3042 697 3118 dico,
716 3060 796 3123 quas
811 3059 958 3105 exercere
979 3042 1177 3104 narrabantur
1191 3041 1298 3116 urbes,

224 3139 369 3216 ecclesiae,
400 3140 609 3218 castellaque,
640 3157 756 3218 magno
786 3158 916 3218 prorsus
943 3157 1017 3202 cum
1045 3139 1239 3202 detrimento
1270 3145 1303 3201 et

224 3237 345 3317 injuria
360 3236 605 3314 negotiatorum.
629 3235 749 3298 Omnes
767 3237 855 3298 enim
869 3238 927 3316 qui
947 3255 1012 3298 non
1031 3236 1220 3298 fruebantur
1238 3235 1303 3298 im-

226 3332 436 3395 munitatibus
452 3333 640 3396 deficiebant
661 3334 778 3408 anime,
806 3335 925 3413 qnippe
946 3335 1004 3414 qui
1022 3351 1060 3396 eo
1081 3334 1183 3410 magis
1201 3334 1305 3414 oppri-

225 3437 400 3507 merentur,
418 3448 483 3510 quo
497 3429 552 3492 alii
567 3431 668 3510 magis
682 3430 776 3493 liberi
790 3437 821 3494 et
842 3432 1005 3494 immunes
1025 3431 1211 3495 evadebant.
1234 3430 1303 3492 lm-

226 3530 399 3591 munitates
420 3529 611 3609 plerumque
631 3529 671 3592 ad
694 3529 857 3592 fiuvialem
876 3530 1112 3608 navigationem
1126 3527 1182 3609 (3),
1200 3530 1305 3592 rarius

225 3643 301 3688 vero
325 3625 366 3688 ad
387 3631 536 3687 terrestre
551 3627 781 3688 commercium
797 3625 979 3705 spectabant
994 3626 1050 3706 (l).
1076 3625 1161 3690 lllud
1174 3627 1305 3706 qdoque

226 3723 402 3786 notandum
417 3731 473 3797 est,
485 3722 602 3784 scilicet
615 3741 680 3784 non
695 3739 714 3784 a
729 3721 858 3801 regibus
872 3723 979 3799 modo,
995 3723 1050 3785 sed
1067 3723 1165 3786 etiam
1179 3724 1220 3785 ab
1229 3723 1306 3802 ipsis

227 3818 420 3898 proceribus,
438 3826 494 3880 aut
515 3819 694 3894 comitibus,
721 3827 777 3880 aut
790 3821 945 3899 episcopis
961 3821 1035 3882 talia
1048 3821 1216 3901 privilegia
1238 3839 1306 3883 esse

227 3935 384 3979 concessa.
394 3916 713 3996 lndemiraconlusio
722 3919 932 3997 perpetuique
943 3917 1112 3992 tumultus,
1125 3917 1200 3980 inde
1212 3918 1306 3980 ruina

257 4066 290 4128 tt)
303 4066 431 4116 Dareine.
448 4065 570 4178 Εκέἐᾱίῐ.
586 4065 612 4115 d.
628 4064 791 4117 Normands.

258 4127 291 4190 (¹2)
305 4127 472 4179 Guncscuus
508 4143 605 4179 runnu.
622 4128 642 4186 Ι,
656 4130 680 4178 i.
696 4155 725 4165 -
738 4128 888 4180 stertire.
905 4129 1114 4195 cosmographia
1127 4134 1155 4183 at
1167 4133 1305 4194 curtegra-

228 4190 290 4256 phie
304 4190 339 4240 du
350 4193 515 4255 moyen-ige.
529 4189 549 4248 1,
569 4191 619 4240 l8i.

245 4253 292 4322 ,(3)
307 4253 492 4304 lmmunitates
505 4252 617 4318 hujusce
634 4253 740 4317 generis
755 4267 912 4305 enumerare
929 4254 952 4303 si
966 4253 1047 4304 velim
1060 4254 1117 4304 dios
1139 4268 1182 4305 me
1192 4253 1306 4306 deliciet.

230 4315 308 4432 bidei
321 4314 539 4438 exemppisscauspl.
558 4316 640 4429 llipgrp.
657 4314 729 4372 Vlll,
747 4317 800 4372 450,
815 4318 870 4371 455,
885 4316 939 4372 tat.
954 4317 1008 4367 550.
1023 4343 1054 4354 -
1072 4317 1135 4368 Bit.
1149 4318 1185 4372 ll,
1200 4317 1267 4374 1406,
1282 4316 1306 4374 7,

262 4391 330 4434 ,ec
343 4405 396 4439 -,
460 4393 497 4428 uc.
542 4419 547 4434 ,
628 4417 633 4426 .
