3359 5142
688 563 847 630 „19-

269 717 357 779 Inter
380 717 465 796 leges
486 735 558 797 quae
578 716 766 779 Judaeorum
788 717 879 778 honis
900 711 1115 788 minabantur,
1140 709 1302 774 nonnullae

229 833 358 894 prorsus
379 823 434 878 aut
454 815 689 892 desuescehant‚
719 822 775 876 aut
802 815 872 876 aliis
891 813 1057 875 contrariae
1078 811 1300 873 rarescebant.

231 913 374 992 Exempli
392 914 502 992 gratia,
524 913 671 992 quamvis
686 929 768 990 saepe
785 912 849 972 illis
862 910 1069 972 interdictum
1090 908 1187 970 luerit
1209 926 1304 986 pecu·

230 1010 291 1071 niae
305 1010 438 1089 publicae
450 1009 707 1087 tributorumque
722 1007 1006 1082 administratione,
1023 1006 1162 1067 Karalus
1169 1006 1304 1083 Magnus

231 1107 364 1186 ejusque
378 1107 463 1168 tilius
478 1115 508 1169 et
524 1125 620 1186 nepos
633 1105 754 1168 ludaeis
768 1106 816 1167 usi
839 1113 923 1180 sunt,
949 1110 1058 1184 utpote
1082 1101 1257 1182 publicanis
1274 1108 1306 1163 et

231 1205 299 1267 fisci
314 1206 485 1284 magistris.
507 1205 602 1268 Haud
619 1205 712 1269 aliter
730 1223 794 1266 non
812 1203 930 1266 desunt
950 1202 1146 1282 capitularia,
1163 1219 1220 1279 per
1232 1218 1305 1279 quae

231 1303 321 1366 vetiti
343 1310 432 1366 erant
446 1310 546 1365 terras
561 1303 719 1382 possidere
735 1302 791 1382 (l).
815 1301 942 1364 Scimus
956 1318 1032 1362 vero
1048 1316 1120 1380 quae
1135 1298 1307 1376 diplomata

234 1418 378 1481 quasque
408 1408 565 1463 terrarum
595 1400 851 1462 confirmationes
874 1398 932 1459 uni
960 1398 1090 1460 alterive
1118 1395 1307 1484 Judaeorum

233 1499 504 1577 suppeditaverint
519 1498 677 1560 Karolini.

274 1595 511 1659 Commercium
529 1615 604 1659 vero
624 1614 789 1658 servorum
812 1611 938 1675 semper
951 1595 1086 1657 vetitum
1103 1594 1201 1656 luisse
1215 1593 1306 1654 vide-

234 1701 300 1755 tur.
322 1695 395 1757 Non
418 1695 505 1756 enim
527 1695 622 1756 modo
646 1695 729 1773 leges
752 1695 1004 1774 p1·aecipiuntne
1029 1693 1111 1755 semi
1135 1690 1309 1753 Christiani

233 1791 252 1854 J
257 1792 355 1854 udaeis
370 1793 551 1856 deserviant
570 1793 619 1856 vel
639 1792 834 1868 adhaereant,
856 1792 910 1854 sed
925 1791 1021 1853 etiam
1036 1791 1112 1852 dant
1126 1790 1309 1852 facultatem

234 1889 414 1952 redimendi
433 1907 486 1952 eos
503 1908 561 1969 pro
575 1889 744 1952 duodecim
758 1889 876 1964 solidis,
893 1894 925 1949 et
937 1887 1037 1950 inrito
1052 1887 1131 1949 hero
1145 1885 1200 1965 (Ξ),
1218 1902 1308 1946 seve·

234 1988 342 2066 risque
356 1987 609 2066 afficiuntpoenis
621 1987 773 2049 Judaeum
784 1987 842 2065 qni
856 2003 987 2046 servum
996 1984 1130 2046 illexerit
1139 1984 1180 2045 ad
1192 1983 1212 2044 J
1216 1983 1308 2044 udai-

235 2102 306 2146 eam
317 2085 514 2162 religionem.
529 2085 708 2146 Ludovicus
719 2086 797 2146 Pius
805 2091 911 2146 tamen
919 2082 1017 2145 semel
1027 2080 1180 2144 concessit
1190 2081 1209 2142 J
1212 2081 1311 2142 udaeis

234 2183 371 2244 Dcmato
381 2191 412 2245 et
426 2183 555 2246 Samuel
570 2181 614 2262 (3)
629 2183 796 2261 peregrina
809 2181 968 2260 niancipia
985 2177 1103 2242 habere
1124 2184 1156 2240 et
1173 2178 1310 2240 vendere

235 2287 266 2342 et
274 2297 340 2342 non
354 2280 521 2359 baptizare.
538 2281 653 2342 Nonne
668 2298 742 2342 vero
757 2279 874 2341 talibus
887 2278 1061 2357 privilegiis
1072 2275 1228 2354 generalis
1242 2293 1312 2354 pro·

235 2376 349 2438 hibitio
365 2377 602 2439 confirmatur?

274 2471 388 2553 Itaque
406 2474 522 2550 dudaei,
546 2475 667 2536 onerati
687 2474 898 2549 contumeliis,
918 2473 987 2536 sine
1008 2473 1119 2552 patria,
1139 2472 1208 2533 sine
1229 2471 1308 2548 lege,

237 2589 304 2633 suae
313 2572 477 2647 libertatis,
490 2573 555 2634 imo
569 2589 610 2633 ne
624 2573 697 2633 vitae
712 2572 855 2650 quidem,
868 2569 1021 2633 habentes
1030 2571 1199 2632 securitate
1236 2574 1312 2643 ,aut

237 2668 378 2745 perirent
406 2686 526 2744 omnes,
562 2676 619 2730 aut
647 2670 794 2747 lugerent
820 2667 1011 2746 inhospitale
1040 2666 1180 2728 Franciae
1199 2585 1312 2726 ¹{ilum

238 2783 364 2827 necesse
388 2765 565 2828 videbatur.
590 2766 669 2840 Quis
688 2773 796 2827 autem
819 2766 945 2843 ignorat
965 2764 1045 2837 illos,
1068 2761 1260 2855 commercio
1281 2770 1312 2824 et

238 2863 360 2923 artibus
381 2862 628 2937 renascentibus,
652 2863 745 2941 quasi
765 2862 923 2923 redivivos
941 2861 1105 2934 exstitisse,
1121 2875 1312 2937 summaque

238 2960 450 3039 potentiaeque
470 2960 612 3021 culmina
625 2960 786 3036 attigisse?
801 2958 896 3019 Haud
911 2975 1001 3019 secus
1017 2974 1054 3018 ac
1068 2957 1095 3016 si
1108 2956 1312 3034 privilegium

238 3063 305 3118 erat
323 3057 425 3134 gentis
442 3056 461 3117 J
464 3057 584 3118 udatcae
605 3063 781 3118 extremam
799 3055 963 3116 miseriem
982 3060 1222 3131 extremamque
1236 3070 1310 3131 pro-

238 3154 421 3233 speritatem
436 3154 501 3232 pati
516 3153 665 3216 vicissim.

266 3363 299 3426 (l)
316 3363 380 3412 Bac.
395 3364 415 3413 Ι.
434 3363 499 3414 1173.
518 3363 625 3414 Additio
637 3363 715 3435 tertia
728 3363 766 3413 00.
783 3381 795 3407 α
809 3360 870 3412 Non
890 3361 969 3412 liceat
981 3360 1141 3415 Christianis
1154 3359 1310 3433 ludaeorum

240 3439 326 3497 neque
341 3439 505 3490 paganorum
521 3440 606 3490 neque
618 3428 803 3497 haereticorum
818 3439 860 3496 res
872 3426 1057 3488 emphyteuses
1070 3425 1111 3474 vel
1126 3423 1310 3474 conductionis

241 3487 316 3538 tituto
329 3489 435 3543 habere.
451 3501 537 3560 neque
548 3502 656 3539 suorum
672 3489 793 3537 similiter
804 3500 844 3536 ets
858 3486 1037 3559 accomodare.
1051 3504 1064 3531 u
1129 3549 1135 3559 ι
1204 3548 1209 3557 .

271 3550 303 3613 (l)
315 3550 378 3599 Bac.
394 3551 414 3598 1.
432 3550 497 3607 1100,
512 3565 569 3614 cap.
585 3551 682 3614 Auseg.
692 3548 737 3598 Vl.
751 3549 840 3598 ilt—
852 3549 872 3598 1.
888 3548 955 3598 1280.
966 3548 1211 3612 Quotiesepiscopr
1223 3547 1307 3603 Isaac,

241 3611 605 3667 tit.x1‚urt.·27.-Acoaxno.
616 3612 717 3663 loccit.
728 3639 756 3648 -
768 3611 877 3660 Sextum
892 3611 1033 3661 concilium
1043 3610 1245 3660 Matiseouense.
1257 3609 1307 3659 106.

271 3674 303 3736 (3)
317 3675 399 3732 Boua.
416 3674 461 3724 Vl.
476 3675 529 3724 ote.
