3359 5142
774 597 850 620 .,,,
869 569 907 639 40
927 611 967 619 -

389 725 495 804 Hujus
510 743 584 786 vero
602 724 735 802 liquoris
748 745 767 795 e
782 726 874 787 malis
888 725 1025 804 expressi
1041 742 1139 803 quem
1153 723 1254 793 nostri
1268 725 1350 784 cidre
1365 740 1423 784 vo-

350 829 432 896 cant,
449 803 557 883 nu'llns
580 840 675 901 prope
697 830 766 884 erat
783 842 872 884 usus.
904 822 1042 883 Karolus
1062 821 1106 900 (t)
1132 821 1281 898 Magnus,
1309 820 1420 894 fateor,

349 919 473 980 volebat
493 919 526 979 in
548 919 631 979 villis
652 919 876 995 «siceratores,
895 921 916 994 i,
933 939 960 996 e,
979 920 1036 998 qui
1051 919 1227 992 cervisiam,
1247 918 1296 978 vel
1312 935 1424 995 poma-

351 1016 449 1096 ticnm
473 1017 539 1078 sive
567 1017 746 1095 p'raticnm,
764 1019 815 1084 vel
833 1019 921 1079 aliud
945 1017 1172 1096 quodcumque
1195 1015 1361 1094 liquamen
1386 1015 1427 1076 ad

349 1110 524 1172 bibendum
548 1118 659 1188 aptum
687 1113 799 1187 fuerit;
820 1114 906 1192 »tali
935 1120 1044 1174 autem
1067 1113 1114 1172 uti
1138 1121 1216 1190 potu
1240 1112 1361 1172 durum
1389 1130 1426 1173 ac

285 1281 293 1297 ⁶
349 1214 514 1270 austerum
541 1207 703 1270 habebant
730 1217 874 1272 auctores
902 1211 1042 1271 vitarum
1071 1215 1281 1270 sanctorumr
1307 1210 1425 1270 Potum

325 1327 330 1337 ·
350 1320 488 1380 quoque,
506 1302 549 1363 ait
566 1321 650 1364 nnus
666 1321 704 1365 ex
719 1306 773 1380 eis,
791 1324 866 1368 cum
882 1305 1096 1366 amaritudine
1110 1307 1267 1367 sumebat.
1285 1306 1423 1367 Nullum

349 1400 436 1461 euim
464 1385 655 1462 omnimodis
677 1401 811 1480 liquoris
835 1421 917 1477 uvae,
934 1420 1048 1480 neque·
1062 1403 1175 1477 mellis
1193 1420 1299 1480 neque
1322 1401 1422 1475 lactis,

349 1505 459 1574 neque
469 1497 609 1558 cervisiae
623 1499 767 1576 sumpsit,
786 1507 880 1577 potus
890 1506 998 1560 autem
1011 1499 1080 1578 ejus
1097 1499 1166 1560 talis
1186 1505 1253 1560 erat
1268 1499 1372 1576 quadis
1387 1517 1426 1559 ex

349 1611 433 1671 aqua
451 1601 482 1654 et
505 1593 656 1654 arborum
685 1595 786 1656 succis
812 1597 1012 1657 malorumve
1034 1596 1207 1672 agrestium
1236 1595 1340 1655 audiri
1371 1613 1425 1672 po-

352 1697 421 1751 test.
440 1690 516 1770 (2)»

390 1788 468 1861 Quae
483 1806 583 1867 quum
600 1790 644 1850 ita
659 1790 731 1864 sint,
756 1791 945 1852 salsamenta
965 1788 1122 1866 praecipuc
1137 1805 1193 1848 seu
1208 1787 1355 1848 carnium
1370 1804 1426 1847 seu

350 1885 496 1962 piscium,
514 1885 723 1966 fabricatique
737 1887 878 1966 liquores
892 1888 927 1946 in
941 1885 1064 1947 honore
1079 1890 1168 1946 erant
1178 1883 1264 1961 apud
1277 1884 1424 1944 Francos.

351 1982 423 2042 Non
439 1989 606 2044 esttamen
621 1991 657 2044 ut
672 1985 857 2046 omittamus
886 2003 1001 2058 caseos,
1020 2001 1159 2062 quorum
1174 1982 1290 2042 samaa
1306 1982 1426 2042 Roma-

350 2074 514 2155 nisusque
526 2077 827 2156 adnospermansit.
846 2081 982 2141 Romani
994 2080 1079 2141 enirn
1091 2078 1135 2158 (3)
1148 2080 1253 2156 magni
1269 2079 1428 2140 ducebant
1501 2159 1503 2162 y

350 2189 455 2234 caseos
485 2173 639 2234 Nemausi
661 2176 844 2255 montisque
867 2176 1000 2248 Lesorae,
1028 2176 1094 2252 qui,
1121 2176 1212 2236 inmo
1240 2175 1423 2252 plantarum

351 2270 600 2331 aromaticarum
629 2267 777 2349 expositi,
809 2269 849 2330 ad
876 2270 909 2329 id
936 2269 1085 2330 bonitatis
1121 2269 1361 2347 perveniebant,
1392 2275 1428 2330 ut

351 2365 475 2444 sapiens
503 2367 676 2444 imperator
708 2367 761 2452 ille
784 2366 969 2427 Antoninus
996 2365 1109 2426 talium
1128 2369 1299 2439 {caseorum
1326 2366 1428 2427 nimia

351 2463 440 2540 copia
455 2463 494 2523 sit
508 2471 656 2525 mortuus
671 2455 726 2544 (4).
745 2465 862 2525 Forsan
886 2470 916 2524 et
937 2463 1013 2523 tates
1034 2446 1141 2523 caseos
1161 2463 1327 2541 episcopus
1351 2463 1426 2541 qni-

350 2559 423 2621 dam
445 2561 565 2621 'Karolo
589 2563 705 2640 Magno
727 2562 980 2638 ministraverat,
1007 2562 1063 2640 qui
1087 2561 1148 2622 cibi
1170 2561 1326 2621 suavitate
1349 2560 1428 2620 adeo

350 2655 522 2718 delectatus
536 2663 591 2732 est,
605 2664 641 2718 ut
652 2653 782 2735 ,jusserit
797 2658 982 2736 episcopum
995 2657 1122 2719 mittere
1138 2657 1309 2736 quotannis
1324 2656 1428 2734 Aquis

349 2771 485 2830 granum
507 2754 571 2815 duo
586 2773 750 2816 caseorum
765 2773 872 2833 capsas
887 2755 943 2833 (5).
961 2756 1095 2817 Francia
1107 2756 1217 2834 igitur,
1235 2772 1272 2816 ex
1283 2754 1336 2815 illo
1350 2760 1428 2815 tem-

350 2865 434 2926 pore,
461 2850 606 2927 pretiosis
627 2851 809 2912 abundabat
824 2851 912 2926 cibis,
930 2858 961 2913 et
976 2851 1015 2912 ab
1030 2853 1180 2913 omnibus
1191 2853 1259 2933 jam
1275 2851 1429 2930 diligeba-

350 2952 412 3021 tur,
431 2952 466 3007 nt
482 2946 525 3008 ita
535 2947 651 3023 dicam,
672 2949 727 3026 qui
743 2949 824 3026 gulae
846 2948 944 3009 dediti
959 2956 1060 3009 erant.

564 3195 602 3252 Dc
621 3194 735 3253 orcitus
756 3205 973 3270 perspectent
994 3196 1033 3255 od
1056 3197 1207 3256 restituat.

391 3404 498 3466 Nutla
511 3421 640 3481 prorsus
661 3403 722 3465 alia
736 3405 915 3477 necessitas,
932 3398 1046 3481 praeter
1060 3405 1220 3480 alimenta,
1238 3407 1425 3468 hominibus

350 3503 452 3580 magis
466 3501 631 3576 incumbit,
650 3519 748 3579 quam
763 3501 898 3563 induere
914 3520 1029 3579 corpus
1044 3503 1194 3577 vestibus,
1209 3521 1265 3580 per
1279 3522 1359 3582 quas
1369 3506 1427 3565 fri-

350 3618 410 3677 gus
424 3605 479 3660 aut
501 3599 574 3677 solis
593 3597 721 3658 ardores
744 3605 883 3659 arceant.
909 3599 987 3660 Inde
1003 3617 1157 3676 magnum
1172 3599 1297 3677 pondus
1310 3602 1429 3662 artium
1508 3638 1512 3645 ·

350 3714 422 3774 quae
438 3703 578 3774 spectant
601 3695 640 3756 ad
664 3695 827 3755 vestitum.
845 3696 1143 3768 verumenimvero,
1162 3714 1265 3774 quum
1280 3699 1430 3759 omnibus

350 3793 389 3853 sit
411 3811 490 3870 opus
505 3793 632 3867 vestitu,
658 3806 825 3871 quumque
841 3792 902 3852 alia
921 3799 1009 3869 parte
1033 3792 1165 3852 vestitus
1187 3811 1262 3852 cnm
1289 3799 1429 3872 tempore

397 3996 416 4119 ¹3
429 3996 705 4107 {gqiquleiqistoire
720 4056 751 4106 de
765 4056 904 4120 Bretagne,
921 4058 953 4114 11,
968 4058 1006 4106 25.
1023 4056 1085 4106 Vita
1097 4058 1123 4107 S.
1139 4057 1288 4122 Guingulei.

393 4122 414 4244 ξ
428 4120 534 4170 Primus
548 4121 594 4176 ΧΙ,
611 4120 649 4168 lii.

393 4087 405 4108 'a

428 4183 552 4232 Lucumo
566 4182 678 4232 n'Anssr
692 4196 733 4244 op.
749 4181 792 4230 cit.
807 4180 842 4236 11,
857 4180 910 4230 302.

407 4248 415 4309 )
431 4244 585 4294 Monacnus.
601 4245 627 4295 S.
642 4243 784 4294 Galleusis.
