3359 5142
343 4231 350 4246 ἱ

820 593 981 658 ...42-

364 745 420 807 riis
448 745 492 826 (l)
522 751 708 808 enumerata
735 745 925 807 warentiam
952 751 1007 806 aut
1034 744 1165 823 galdum
1198 750 1255 806 aut
1281 743 1438 817 isatidem,

363 841 461 920 inquo
482 841 607 903 'chartis
629 840 674 920 (Ι)
702 841 845 916 rubium,
868 841 1033 917 brasilum,
1060 841 1137 918 indi,
1163 842 1299 918 rusinm,
1326 841 1440 904 verde-

363 944 508 1017 tnmque.
527 938 605 1011 Quae
620 938 759 1016 profecto
773 937 962 1000 denrnrtiant
976 945 1060 1000 artes
1073 956 1138 1000 non
1152 939 1339 1000 mediocres.

403 1034 451 1096 De
466 1034 603 1096 vestium
617 1033 744 1096 fabricis
758 1035 824 1096 fere
843 1034 932 1096 nulla
955 1034 1112 1096 habemus
1126 1034 1327 1096 documenta.
1345 1035 1440 1096 Atre·
1509 1106 1514 1112 ³

361 1134 473 1195 batum
502 1139 609 1194 tamen
630 1131 749 1208 civitas,
777 1149 859 1210 quaa,
885 1133 945 1193 sub
968 1133 1103 1211 imperio
1130 1132 1288 1207 Romano,
1319 1149 1441 1210 pannos

362 1230 599 1293 delicatissimos
616 1247 680 1292 nna
694 1231 934 1292 cumLaodicaea
948 1230 1121 1292 fabricabat
1136 1228 1191 1308 (3),
1204 1248 1242 1291 ea
1257 1235 1441 1308 tempestate

363 1329 489 1390 videtur
502 1329 616 1407 prioris
631 1329 725 1388 famae
740 1329 882 1406 vestigiis
902 1328 1064 1390 institisse.
1083 1327 1179 1390 Haud
1200 1346 1290 1390 secus
1312 1328 1345 1390 S.
1362 1328 1439 1390 Vic-

364 1425 439 1486 toris
466 1424 670 1486 Massiliensis
698 1423 931 1486 chartularium
955 1424 1001 1504 (4)
1023 1432 1191 1486 enumerat
1212 1424 1437 1499 Narbonensis,

363 1523 551 1598 Provinciae,
568 1521 806 1600 Avenionisque
831 1523 977 1585 fabricas.
1002 1524 1055 1585 Nil
1075 1540 1204 1603 quoque
1223 1521 1380 1583 habemns
1402 1519 1441 1580 de

362 1620 489 1682 fabricis
510 1620 738 1682 mantellorum
760 1620 999 1682 laudatoruma
1021 1622 1059 1695 Q.
1083 1619 1208 1698 Nigellc
1228 1625 1259 1680 et
1282 1617 1322 1678 ab
1341 1617 1441 1678 Anse-

363 1718 431 1796 giso
455 1717 489 1777 in
519 1716 637 1795 regulis
660 1718 845 1780 monasterii
867 1719 1130 1781 Fontanellensis.
1156 1716 1249 1791 Quod
1270 1716 1383 1776 attinet
1400 1714 1441 1776 ad

362 1817 470 1895 pelles,
486 1817 631 1894 agricolae
646 1835 786 1894 prorsus
804 1818 860 1896 qni
876 1817 1007 1896 quidem
1023 1817 1116 1878 coriis
1130 1815 1182 1874 vir
1196 1813 1327 1892 pulvere
1342 1830 1441 1890 quer-

364 1931 425 1974 nec
440 1913 565 1976 infectis
592 1913 738 1991 tegebant
759 1913 922 1992 humeros,
942 1915 1093 1994 opificum
1117 1920 1200 1974 artes
1224 1910 1441 1989 dedignaban-

364 2020 435 2086 tnr3
453 2029 600 2090 proceres
614 2029 689 2072 vero
704 2029 769 2072 non
783 2012 872 2087 item,
897 2013 955 2091 qui
979 2028 1106 2073 summa
1129 2010 1273 2087 impensa
1288 2008 1441 2086 pretiosas

364 2109 529 2188 acquirere
545 2109 641 2186 pelles
656 2107 864 2170 conabantur.
881 2108 959 2170 Inde
974 2108 1093 2170 diritiae
1109 2114 1140 2168 et
1154 2106 1325 2168 auctoritas
1340 2105 1440 2165 socie·
1471 2102 1473 2112 ’

362 2214 440 2268 tates
455 2206 640 2285 pellionum,
658 2222 730 2284 quae
746 2224 820 2268 mcx
834 2207 874 2268 ad
889 2207 922 2268 id
938 2208 1087 2285 potentiae
1102 2205 1252 2279 ascendit,
1270 2209 1316 2278 ut,
1334 2201 1441 2263 trede-
1504 2217 1511 2230 ·

362 2305 445 2366 cimo
469 2302 594 2378 saeculo,
632 2319 697 2362 una
726 2308 807 2363 esset
829 2319 847 2363 e
871 2320 924 2362 sex
948 2302 1133 2381 corporibus
1158 2300 1323 2361 fabrorum
1349 2298 1440 2358 Luti-

362 2401 413 2462 tiae
429 2400 484 2479 (5).

403 2497 639 2558 Enumeremus
660 2497 757 2558 etiam
779 2493 954 2573 plumarius
979 2493 1036 2571 qui
1057 2511 1145 2554 nunc
1166 2510 1227 2554 acu
1252 2492 1436 2570 pingebant,

361 2611 447 2654 nunc
462 2593 586 2671 plumas
607 2594 638 2652 in
671 2591 768 2652 variis
792 2591 934 2651 vestibus
960 2589 1134 2668 illigabant,
1162 2589 1284 2667 quique
1310 2607 1438 2651 summa

360 2690 515 2767 elegantia
529 2696 560 2750 et
574 2689 746 2751 subtilitate
763 2705 850 2749 nunc
871 2661 941 2748 vela
956 2687 1130 2764 splendida,
1148 2705 1235 2748 nunc
1251 2686 1437 2766 chlamydes

361 2788 591 2866 componebant
607 2814 613 2847 :
633 2788 833 2848 Documento
862 2785 903 2844 sit
926 2784 1036 2845 velum
1051 2802 1071 2845 a
1084 2783 1201 2845 Karolo
1217 2783 1311 2845 Calvo
1326 2784 1438 2845 datum

361 2885 499 2947 ecclesiae
528 2884 702 2946 cathedrali
731 2882 922 2956 Carnutum,
955 2889 986 2942 et
1013 2882 1048 2941 in
1076 2898 1112 2944 ea
1146 2880 1302 2942 hactenns
1337 2897 1440 2941 serva·

361 2988 432 3042 tum
447 2980 503 3061 (6).

401 3079 494 3153 Quod
518 3079 544 3139 si
569 3085 677 3140 autem
703 3079 780 3140 tales
803 3096 840 3139 ea
863 3084 1047 3156 tempestate
1068 3077 1225 3138 florebant
1248 3084 1342 3152 artes,
1368 3075 1441 3136 duae

360 3177 439 3251 aliae,
457 3193 613 3253 saponnm
633 3169 750 3236 scilicet
770 3181 801 3236 et
824 3180 1077 3252 unguentorum,
1099 3190 1172 3251 quae
1196 3172 1256 3233 sub
1285 3171 1441 3233 Romanis

363 3291 480 3334 nomen
495 3272 682 3348 habuerant,
701 3272 832 3332 omnino
846 3273 881 3331 in
895 3259 1036 3332 deterius
1050 3270 1145 3348 lapsa
1158 3271 1296 3331 lucrant.
1313 3269 1439 3330 Plinius

362 3371 502 3447 enim'(7)
519 3387 670 3447 saponem
680 3370 714 3430 in
724 3367 827 3429 Gallia
842 3366 911 3428 oleo
926 3373 957 3428 et
972 3366 1079 3428 cinere
1088 3365 1219 3442 factum,
1229 3383 1294 3445 quc
1304 3365 1440 3427 uteban-

364 3478 415 3532 tur
429 3471 566 3533 Romani
582 3471 622 3532 ad
637 3469 814 3531 rutilandos
829 3467 959 3545 capillos
979 3474 1035 3527 aut
1050 3463 1225 3528 lavandum
1239 3480 1364 3540 corpus,
1382 3479 1439 3522 nos

363 3567 462 3630 docet,
479 3567 591 3630 Strabo
608 3566 651 3646 (8)
669 3583 797 3645 quoqne
812 3571 978 3643 unguenta
991 3564 1100 3625 laudat
1121 3561 1290 3641 provinciae
1314 3559 1440 3621 Narbo-

394 3736 426 3847 Ἥ
442 3735 479 3846 (lg.
497 3732 605 3846 lssecueil
622 3733 669 3806 des
686 3734 856 3783 monuments
874 3732 910 3781 du
923 3718 1083 3781 Tiers-Etat.
1102 3730 1136 3787 11,
1151 3730 1190 3786 25,
1205 3728 1241 3778 93.
1261 3728 1310 3785 ΙΙΙ,
1324 3727 1378 3784 587,
1392 3742 1441 3792 pro

362 3810 958 3972 5³(23a0adrtlnlldlitdgnrlsdS.VictordeMarseille.
971 3853 1082 3912 lV‚1.V,
1094 3870 1111 3904 1.
1123 3853 1182 3909 Vll,
1197 3853 1219 3902 3.
1234 3852 1282 3910 IX,
1299 3853 1321 3911 4,
1335 3855 1357 3902 5.
1374 3852 1437 3909 Xll,

364 3925 401 3976 Λᾶ
429 3925 524 4043 5llouc.
538 3985 559 4041 I,
575 3983 627 4033 tlt.
640 4011 669 4018 -
683 3983 762 4032 'lnun
780 3981 858 4032 Pom.
875 3980 1013 4030 Gallienus
1026 3979 1067 4029 78.

442 4048 479 4097 Ut
492 4061 581 4111 supra.
596 4045 642 4104 IV,
657 4060 672 4102 r,
687 4073 716 4081 —
729 4044 762 4102 V,
776 4044 797 4092 3.
813 4072 842 4080 -
855 4043 915 4100 VIl,
929 4046 955 4094 5.
966 4041 1003 4091 (ll.
1019 4041 1126 4092 Pmnros
1141 4039 1214 4095 Vlll.
1230 4041 1269 4097 73,
1283 4040 1321 4089 74.

442 4169 587 4222 vanarn
602 4185 644 4284 of.
658 4170 702 4219 cit.
718 4170 753 4234 pl.
772 4168 808 4218 lo.

442 4234 547 4284 Purruus
563 4233 613 4282 XV
630 4232 664 4290 ll,
681 4232 716 4281 la.
