3359 5142
818 516 979 578 ..94-

364 663 578 738 abundabant,
598 664 798 742 Magalonam
813 664 894 741 dico,
912 665 1168 739 Quantcwicum,
1187 664 1434 740 Deuerstadum,

366 762 424 842 qui
443 761 574 840 quidem
587 761 632 820 nil
648 759 735 822 aliud
750 777 849 838 quam
863 777 982 822 nomen
996 759 1206 838 reliquerunt.

400 856 581 931 Quinetiam
596 856 636 918 ad
650 857 726 918 alias
741 856 876 917 transire
891 856 1035 932 regiones
1049 873 1113 916 non
1128 854 1316 917 dubitabant
1332 872 1435 932 nego-⁸

362 952 498 1026 tiatores,
517 951 707 1012 commercio
723 969 786 1030 que
808 951 982 1013 utebantur
1001 969 1076 1011 cunr
1102 950 1227 1029 populis
1247 968 1304 1011 seu
1320 949 1438 1014 Christi

357 1049 416 1106 'seu
427 1045 630 1107 Mahumedis
644 1046 830 1124 religionem
839 1045 1027 1107 colentibus.
1044 1046 1129 1106 Raro
1140 1064 1214 1107 curn
1225 1047 1350 1124 Anglia,
1365 1062 1437 1124 quae

359 1142 504 1203 civilibus
528 1141 689 1204 laborabat
703 1141 876 1218 discordiis,
893 1151 950 1204 aut
971 1160 1046 1204 cum
1061 1143 1214 1221 Hispania
1228 1159 1300 1220 quae
1314 1141 1437 1203 bellum

361 1248 471 1301 contra
494 1239 682 1301 Sarracenos
706 1240 798 1319 quasi
824 1241 1080 1303 anniversarium
1108 1239 1293 1314 sustinebat,
1320 1239 1436 1317 soepius

359 1355 433 1400 cum
450 1337 622 1399 Germania
644 1343 674 1398 et
688 1337 798 1413 Italia,
823 1339 1051 1416 aliquantisper
1069 1339 1252 1401 subendam
1269 1338 1435 1399 dominatu

360 1435 489 1497 retentis
509 1451 545 1494 ac
569 1432 711 1510 Francia,
733 1436 962 1496 commercium
982 1436 1169 1497 exercebant
1183 1435 1299 1509 nostri,
1323 1425 1436 1512 ¹neque

359 1534 427 1594 sine
455 1532 601 1606 utilitate,
633 1529 726 1592 sicuti
749 1529 782 1589 id
810 1528 1028 1591 demonstrant
1050 1538 1081 1591 et
1102 1518 1372 1608 peregrinationes
1395 1529 1435 1591 ad

361 1618 557 1701 san'ctaloca,
581 1633 611 1687 et
631 1632 746 1704 pontus
769 1625 884 1687 Rheno
899 1626 1046 1707 injectus,
1072 1636 1103 1689 et
1123 1628 1205 1688 fossa
1228 1627 1267 1688 de
1286 1625 1435 1687 Danubio

360 1725 399 1788 ad
428 1724 581 1787 Rhenum
610 1724 715 1785 ducta.
743 1723 879 1802 Propter¹
904 1723 1042 1786 finitima
1069 1725 1204 1803 imperia
1232 1723 1377 1784 Karolini
1398 1729 1436 1808 'et

360 1821 496 1884 Caesares
511 1820 853 1899 Constantinopolitani
866 1819 927 1880 sibi
936 1820 1075 1883 invicem
1089 1821 1280 1895 invidebant,
1299 1819 1436 1899 ideoque

359 1919 570 1996 negotiatores
598 1917 677 2008 raris
700 1917 784 1978 inter
809 1931 877 1976 sese
902 1915 1120 1995 jungebantur
1150 1915 1297 1976 vinculis.
1334 1914 1437 1992 Reges

359 2017 461 2078 nostri
488 2035 545 2096 per
565 2015 777 2094 ignorantiam
799 2012 1004 2092 neglexerant
1027 2013 1225 2075 occasionem
1245 2011 1306 2072 sibi
1326 2011 1435 2072 conci-

359 2111 458 2173 liandi
472 2110 627 2190 populum
641 2127 771 2185 novum,
791 2109 912 2170 Russus
927 2111 1063 2186 scilicet3
1081 2111 1204 2171 mutuis
1217 2117 1327 2171 autem
1341 2108 1435 2171 frede

359 2207 448 2269 ribus
463 2225 530 2270 sese
554 2209 726 2287 junxerant
745 2225 820 2269 cum
842 2205 1047 2269 Mahumedis
1070 2208 1205 2282 asseclis,
1223 2215 1254 2268 et
1276 2206 1435 2286 praecipue

360 2323 434 2368 cum
449 2305 596 2367 Asiaticis
610 2305 803 2368 sarracenis·

400 2401 478 2475 Quae
502 2419 605 2480 quum
628 2401 672 2463 ita
700 2403 773 2478 sint,
804 2402 1033 2464 commercium
1069 2400 1220 2476 Francia,
1250 2399 1311 2460 sub
1338 2417 1434 2477 regno

359 2499 537 2578 primorum
553 2499 791 2575 Karolinorum,
801 2517 907 2578 neque
917 2501 985 2562 sine
999 2499 1108 2578 gloria,
1125 2514 1231 2576 neque
1245 2498 1312 2557 siue
1327 2496 1436 2557 fructu
1458 2535 1462 2542 -

360 2596 458 2660 evasit
473 2598 626 2658 :Mortuo
648 2604 755 2660 autem
772 2597 932 2659 Ludovico
947 2598 1017 2672 Pio,
1034 2615 1092 2675 per
1113 2601 1307 2657 crescentem
1322 2610 1434 2672 proce-

359 2709 436 2768 rum
447 2691 709 2771 infirmatamque
724 2711 836 2771 regum
851 2693 1082 2767 auctoritatem,
1101 2709 1157 2770 per
1176 2690 1434 2771 latronum,bar-

358 2788 574 2866 bararumque
589 2788 735 2866 gentium
749 2787 956 2865 incursiones,
974 2807 1095 2868 perque
1116 2789 1300 2850 animorum
1321 2788 1434 2866 despe-

359 2885 515 2946 rationem
531 2885 564 2945 iu
580 2885 671 2964 pejus
686 2884 761 2946 ruit.

399 2982 474 3044 Non
501 3000 537 3043 ea
559 2982 699 3060 proiecto
725 2981 807 3042 mihi
826 2983 932 3060 opinio
957 2983 1104 3044 estnihil
1130 2984 1164 3044 in
1193 2990 1279 3044 tanta
1301 2981 1435 3044 materia

358 3078 511 3140 omissum
533 3095 609 3153 esse,
635 3077 716 3138 nihil
741 3078 823 3139 male
845 3079 1047 3140 intellectum
1073 3106 1079 3140 :
1112 3080 1332 3141 Fundamenta
1359 3096 1433 3140 vero

359 3175 586 3254 domusposita
602 3181 686 3236 sunt.
705 3174 880 3249 Outinam,
899 3176 1035 3253 benigne
1059 3176 1166 3253 lector,
1185 3178 1317 3254 incaepto
1332 3175 1433 3236 aedifi-

360 3275 407 3334 cio
422 3291 520 3335 novos
534 3271 630 3334 addas
645 3271 763 3351 lapides
781 3277 786 3332 t

603 3424 607 3432 v

606 3447 667 3498 Fini
684 3463 715 3499 nc
733 3463 841 3500 rancacr

361 3556 471 3610 Lutatiae
484 3553 656 3612 Parisiorum,
673 3555 700 3604 in
714 3555 843 3612 Sorbona‚
860 3569 883 3604 a.
898 3554 923 3604 d.
939 3570 974 3610 v.,
989 3554 1023 3604 id.
1039 3554 1106 3605 febr.
1120 3568 1189 3605 anno
1203 3569 1355 3605 nnccccxm.

453 3643 598 3694 Falcutatis
614 3643 803 3694 litterarum'in
817 3641 962 3694 Academia
976 3641 1120 3693 Perisiensi
1138 3643 1269 3693 Decanns.

800 3757 944 3820 ΡΑΤΙΝ

960 3933 1038 3984 Trrts
1055 3949 1202 3985 uuunuron.

885 4040 1037 4099 Academiae
1050 4044 1211 4100 Parisiensis
1223 4057 1315 4100 rector.

1095 4138 1100 4143 ’
1131 4164 1174 4228 Α..
1198 4163 1431 4230 nouerca,
