3359 5142
707 541 867 608 -51-

251 693 429 772 magnificis
457 701 695 759 constraverunt
716 695 785 768 viis,
813 711 894 772 quas
916 711 1103 756 conservare
1126 701 1182 757 aut
1209 712 1328 774 augere

248 811 313 862 non
328 793 468 855 arduum
483 793 594 858 luisset
610 792 667 871 (l).
684 791 756 853 Sola
772 801 880 854 autem
895 793 1004 870 regina
1025 792 1251 855 Brunechildis
1274 812 1329 856 an·

248 890 352 964 tiouas
371 889 438 950 vias
459 889 629 967 reparavit,
652 889 731 950 adeo
754 897 790 951 ut
809 895 840 949 et
863 887 959 949 hodie
981 886 1190 966 designentur
1217 888 1329 950 multis

227 1023 230 1032 -
247 984 280 1044 in
294 985 370 1045 locis
384 984 516 1045 nomine
531 983 658 1045 viarum
674 983 901 1045 Brunechildis
913 982 968 1062 (2).
985 984 1185 1062 Dagobertns
1199 1003 1329 1065 quoque

247 1081 472 1159 capitularium
485 1081 585 1143 edidit
600 1082 639 1142 de
653 1082 724 1157 viis,
742 1082 829 1160 qtrod
844 1082 910 1142 lere
924 1081 1036 1142 iisdem
1049 1082 1154 1143 verbis
1164 1084 1331 1144 renovavit

248 1178 387 1239 Karalus
415 1179 564 1255 Magnus3
590 1178 676 1240 unde
699 1185 782 1258 patet
808 1179 883 1254 tria,
915 1196 953 1240 ea
982 1186 1176 1257 tempestate,
1209 1188 1331 1243 exstare

248 1275 375 1336 viarum
390 1291 518 1352 genera,
537 1293 641 1337 unum
663 1275 782 1337 scilicet
806 1275 933 1336 viarum
956 1273 1169 1353 publicarum,
1193 1277 1330 1338 alterum

248 1371 467 1450 pastoralium,
488 1372 617 1434 tertium
632 1371 880 1434 convicinantium
896 1370 1051 1451 (3).)(135,
1069 1374 1217 1451 quamvis
1232 1375 1330 1436 semi-

249 1475 357 1543 rutas,
388 1467 543 1530 exstitisse
567 1476 674 1532 tamen
702 1467 910 1546 regnantibus
931 1467 1093 1528 Karolinis
1112 1467 1332 1530 demonstrant

247 1564 401 1626 nonnulla
426 1565 654 1627 Karolinurum
674 1564 861 1642 capitularia
882 1565 921 1627 de
940 1565 1091 1644 pontibus
1105 1565 1250 1627 creandis
1274 1575 1331 1628 aut

248 1661 474 1723 instaurandis.
493 1662 633 1724 Romani
643 1664 740 1738 enirn,
753 1663 810 1740 qui
825 1661 926 1723 sibiet
936 1661 1111 1740 posteritati
1121 1671 1332 1725 monumenta

249 1759 457 1837 aedificabant,
476 1769 719 1824 construxerant
744 1768 856 1840 pontes
871 1776 1012 1839 qrrorum
1028 1765 1059 1820 et
1079 1758 1176 1821 hodie
1191 1760 1333 1840 ingentia

249 1855 367 1916 rudera
382 1856 493 1918 mirari
508 1875 680 1936 possumus
696 1883 702 1918 :
723 1857 961 1919 Beneficiorum
980 1856 1211 1934 possessoribus
1227 1859 1331 1921 Karo-

251 1953 307 2014 lini
323 1954 503 2032 imposuere
519 1955 562 2034 (4)
580 1974 691 2016 curam
707 1961 819 2033 pontes
836 1954 999 2015 reficiendi
1023 1955 1184 2032 antiquos
1216 1956 1250 2016 in
1266 1957 1332 2016 suis

249 2051 412 2112 beneficiis
432 2053 516 2127 sitos,
536 2053 592 2115 sed
615 2060 646 2114 et
668 2052 784 2112 dedere
800 2069 930 2130 operam
950 2057 986 2112 nt
1003 2049 1076 2111 novi
1096 2050 1333 2112 edificarentur·

250 2155 370 2225 potitae,
389 2165 495 2227 neque
509 2151 650 2228 prolecto
671 2150 740 2210 sine
760 2150 885 2226 magnis
899 2166 957 2226 pro
972 2147 1243 2209 constructoribus
1264 2149 1331 2227 pri-

252 2243 397 2320 vilegiis:
424 2246 577 2308 «Nottnn
598 2247 637 2305 sit
652 2245 696 2324 (5)
713 2245 864 2306 ‹nnnibus
883 2246 961 2324 qnia
982 2247 1101 2324 placuit
1125 2248 1217 2308 nobis
1244 2257 1332 2309 extra

253 2339 467 2401 parisiensem
482 2340 596 2403 urbem
611 2343 650 2404 de
674 2345 786 2404 :erario
805 2358 913 2404 nostro
927 2362 1024 2423 super
1039 2353 1156 2406 terram
1171 2355 1332 2408 monaste·

252 2435 290 2495 rii
306 2434 339 2495 S.
356 2434 548 2499 Germani...
565 2440 722 2518 majorem
736 2441 839 2501 itinere
863 2448 1004 2518 pontem.
1030 2443 1106 2503 Post
1120 2444 1332 2522 expletionem

252 2547 326 2591 vero
342 2531 486 2610 ejusdem
509 2535 611 2612 pontis
627 2537 839 2597 coricessimus
856 2544 891 2597 ut
907 2538 973 2615 ipse
987 2538 1154 2618 episcopus
1168 2541 1287 2602 AEneas
1302 2549 1333 2602 et

250 2645 447 2690 successores
462 2630 531 2708 ejtts
554 2632 587 2692 in
604 2640 766 2710 posterum
782 2640 912 2710 pontem
928 2644 1122 2714 cunctasque
1137 2653 1227 2697 arcas
1240 2655 1332 2716 aquae

250 2723 393 2803 ejusdem
423 2727 536 2805 pontis,
562 2745 599 2789 ac
627 2729 833 2803 molendinos,
867 2737 898 2790 et
919 2731 1078 2810 quidquid
1094 2732 1133 2792 ad
1149 2751 1224 2793 eum
1246 2734 1333 2812 justo

251 2821 362 2882 ordine
378 2825 578 2902 allegatione
599 2825 757 2903 pertinere
781 2825 919 2899 videtur,
943 2825 1064 2905 absque
1089 2828 1185 2889 ullius
1208 2830 1333 2890 comitis

251 2917 301 2978 rel
312 2920 379 2981 vice
390 2924 514 2983 comitis
528 2941 585 2983 seu
600 2922 692 3001 cnjus
708 2920 784 2981 libet
791 2921 970 3000 judiciaria
984 2925 1145 3001 potestatis
1160 2927 1333 2987 contradic-

251 3013 338 3075 tione
354 3016 453 3078 libero
468 3025 499 3079 et
514 3018 643 3096 pacifico
659 3022 786 3078 teneant
808 3016 950 3078 arbitrio.
971 3043 984 3073 l

297 3116 587 3178 verumenimvero
617 3121 661 3174 tot
699 3121 730 3175 et
761 3119 846 3174 tanta
877 3113 1043 3192 privilegia
1071 3132 1135 3175 non
1164 3132 1332 3194 nunquam

251 3211 452 3276 adducebant
467 3212 613 3291 pontium
629 3217 864 3272 ctrtrstructores
884 3210 972 3271 adid
995 3218 1030 3270 nt
1059 3230 1124 3271 non
1149 3211 1331 3272 dubitarent

283 3399 315 3462 (Ι)
330 3397 457 3448 Retretsn.
474 3396 591 3446 lllstoiro
606 3395 653 3444 «trs
671 3395 771 3460 grands
787 3395 908 3445 alternins
925 3395 957 3444 de
972 3395 1098 3506 l'EnrHire
1116 3396 1227 3453 rotrruin,
1245 3397 1328 3446 duel.

253 3462 328 3512 in-l0.
346 3488 374 3496 -
388 3461 419 3522 (2)
433 3458 471 3509 Id.
488 3459 508 3514 Ι,
523 3461 560 3508 98.
577 3487 605 3496 -
619 3461 650 3520 (l)
665 3459 727 3507 Bon.
744 3458 764 3515 Ι,
781 3457 1012 3522 attentatam.
1028 3460 1066 3506 3..

283 3524 315 3586 (l)
331 3523 393 3587 Cap).
418 3521 525 3586 Pippini
544 3523 608 3583 (789)
627 3525 650 3570 tl.
670 3541 682 3566 a
702 3520 930 3570 consideravimus
948 3526 978 3569 nt
994 3527 1103 3584 patinas,
1129 3521 1198 3570 intra
1221 3534 1332 3584 regnum

253 3593 381 3640 nostrum.
399 3585 425 3634 in
439 3584 564 3634 tnrrnibns
577 3585 642 3634 loeis
659 3584 772 3649 pleniter
787 3582 936 3633 erncrnlntoe
951 3597 1010 3632 esse
1028 3583 1141 3633 ‹lebcnnt
1156 3582 1257 3647 perillo
1274 3583 1331 3632 lora

252 3649 298 3698 nbi
312 3653 390 3696 anton
405 3662 460 3696 som
474 3660 510 3695 ret·
526 3647 640 3696 inierunt.
657 3665 669 3690 n
680 3674 709 3683 -
725 3645 788 3710 Cup.
804 3644 930 3694 Ludovioi
946 3645 987 3694 Pii
1002 3646 1065 3706 (illi.
1080 3647 1135 3699 819.
1150 3647 1213 3704 823..
1223 3672 1252 3680 -
1267 3645 1330 3694 llas.

252 3711 272 3760 l.
292 3711 346 3764 tlt-t.
361 3711 383 3757 8.
399 3737 427 3746 -
442 3711 456 3758 t
472 3709 495 3762 ῖ,
513 3707 546 3757 li.
563 3737 592 3745 -
603 3711 657 3766 ott,
669 3709 707 3758 to.
728 3729 740 3752 ιι
758 3707 888 3757 l'olnmus
906 3714 935 3756 ut
953 3708 1028 3756 missi
1047 3708 1131 3756 nostri
1147 3721 1194 3772 per
1212 3707 1332 3779 singulus

251 3774 373 3822 civitates
386 3786 438 3823 mm
452 3786 511 3820 curn
525 3773 650 3836 episcopo
664 3777 690 3820 rt
701 3771 795 3820 contrito
811 3770 907 3818 ntissos
920 3771 960 3819 uel
974 3776 1079 3820 nostros
1094 3770 1214 3821 bortrinos
1233 3769 1331 3818 ilndenr

251 3839 445 3884 commorantes
468 3835 567 3894 eligunt
589 3849 703 3898 «procum
725 3847 796 3882 curm
812 3833 847 3880 sit
861 3838 954 3895 pontes
975 3847 1023 3896 pet·
1041 3832 1147 3880 (livorna
1164 3832 1220 3881 locu
1241 3847 1331 3882 einen-

251 3897 323 3947 tlnrc.
348 3915 360 3942 n
383 3903 432 3946 etc.
452 3925 482 3933 -
502 3897 565 3961 Cap.
585 3896 702 3946 Lotlntrii
721 3915 733 3940 n
753 3895 785 3945 do
807 3895 933 3958 pontibus
952 3894 1142 3950 restatnrandis,
1164 3895 1285 3944 tirlclicct
1303 3900 1331 3943 ut

252 3959 398 4008 s·.·onndunr
417 3959 575 4023 capitularia
589 3959 630 4008 avi
645 3965 671 4008 et
687 3959 778 4023 patris.
801 3957 847 4006 nbi
867 3957 930 4006 utilit
944 3959 1015 4007 nitus
1040 3957 1156 4013 luerunt,
1178 3957 1332 4006 roliciuntur

251 4023 285 4072 ab
299 4022 341 4071 bis
352 4022 398 4086 qui
411 4021 470 4071 illos
485 4022 598 4070 bonores
612 4025 709 4071 tenent.
726 4039 738 4064 n
756 4048 784 4056 -
798 4019 861 4068 Bit.
879 4021 897 4068 l.
914 4021 934 4068 3:
961 4060 966 4074 ‚
981 4020 1019 4068 ll.

284 4083 393 4146 tubus.
416 4084 452 4133 ll.
485 4083 549 4137 ttnt.
577 4098 608 4132 ex
636 4097 717 4156 porro
741 4082 884 4132 cartulario
907 4083 1029 4132 ccclesia
1051 4081 1220 4130 Purisiensis.
1238 4109 1266 4118 -
1290 4080 1328 4128 (ll.

253 4147 335 4260 lgneo
353 4145 424 4202 llll,
440 4145 518 4259 οἱὶῗιΙί
533 4145 610 4196 »loma
625 4145 715 4196 baroli
728 4144 922 4212 Sinrplicisprc
935 4144 1130 4194 inuitauerioSt
1146 4143 1331 4210 Sulpitiiapud

277 4209 439 4274 turriger·
467 4211 521 4260 mi
555 4246 560 4260 .
