3359 5142
804 712 964 774 ..54-

333 861 492 922 'venditur
506 861 647 940 qualibet
662 879 757 922 causa
771 863 811 923 ad
827 881 922 923 usum
938 863 1122 925 commercii
1137 863 1308 942 pertinens,
1321 873 1352 926 et
1369 867 1423 928 ubi

342 966 466 1038 emptor
480 960 650 1039 cujuslibet
673 961 776 1020 utitur
790 960 890 1023 herba
912 968 967 1022 aut
987 962 1081 1040 lignis
1099 969 1156 1023 aut
1177 962 1248 1023 aliis
1276 963 1423 1026 villaticis

341 1057 561 1118 commodis.»
1324 1109 1329 1119 1

381 1157 480 1218 Navis
500 1157 628 1217 tandem
644 1175 708 1236 quo
723 1157 874 1219 tendebat
887 1159 1034 1237 pervenit
1050 1184 1056 1218 ι
1082 1176 1145 1219 111111
1169 1166 1276 1220 tamen
1292 1161 1424 1221 omnino

338 1255 439 1316 libera
453 1261 499 1316 est
515 1280 521 1314 :
540 1261 572 1314 at
585 1262 694 1316 contra
708 1255 911 1318 societatibus
925 1256 1091 1334 privilegio
1106 1252 1230 1317 donatis
1246 1257 1290 1335 (1)
1306 1256 1422 1319 haula-

341 1351 430 1429 gium
446 1351 583 1412 exsolvet
599 1369 655 1429 pro
670 1350 799 1413 licentia
814 1352 992 1430 exponendi
1003 1366 1120 1413 navem
1138 1353 1173 1412 111
1188 1353 1296 1428 hanla,
1313 1362 1422 1432 porta-

343 1448 440 1508 ticum
469 1455 498 1508 et
531 1447 772 1509 anchoraticum
801 1467 859 1526 pro
887 1450 1014 1510 licent-ia
1046 1457 1175 1526 portum
1200 1451 1360 1526 adeundi,
1392 1459 1422 1513 et

340 1545 512 1606 anchoram
529 1546 666 1623 ligendi3
692 1545 830 1606 exsolvet
849 1564 979 1624 quoque
995 1547 1164 1625 geranium
1186 1567 1244 1626 pro
1259 1549 1421 1610 machinis

336 1637 420 1723 quas
437 1662 474 1704 ex
490 1660 571 1704 nave
588 1643 622 1703 in
640 1643 729 1702 littus
744 1657 868 1704 merces
884 1643 1067 1718 extrahunt,
1086 1652 1116 1705 et
1131 1646 1372 1723 ponderagium,
1391 1655 1421 1708 et

339 1741 600 1814 mensuraticum,
620 1747 650 1800 et
665 1740 884 1815 modiaticum,
903 1740 957 1800 ubi
975 1741 1053 1819 quid
1069 1741 1249 1802 vendiderit
1259 1749 1315 1802 aut
1331 1760 1420 1803 eme·

339 1839 390 1898 rit.
408 1838 512 1914 Reges
539 1837 676 1915 prolecto
706 1838 743 1898 de
775 1831 972 1898 teloneorum
1002 1838 1261 1899 immunitatibus
1289 1840 1416 1900 decreto

339 1935 471 1996 decretis
500 1935 703 1995 accumulant
734 1961 739 1994 :
773 1935 852 2008 Quis
881 1942 987 1995 autem
1026 1935 1151 2012 ignorat
1180 1936 1419 2013 corruptissima

337 2033 499 2110 republica
514 2033 668 2110 plurimas
685 2033 768 2109 leges
791 2031 834 2111 (2)
847 2035 860 2092 ’1

379 2131 454 2190 Haec·
482 2129 563 2190 dura
591 2129 745 2208 quidem:
769 2130 979 2206 negotiatores
1007 2137 1116 2190 autem
1138 2131 1194 2208 qui
1217 2147 1274 2207 per
1295 2149 1414 2208 aquam

337 2227 536 2290 vehebantur
550 2228 615 2288 lere
630 2227 721 2287 liberi
737 2227 900 2288 immunes
918 2227 1107 2301 evadebant,
1131 2227 1156 2287 si
1177 2245 1340 2305 compares
1366 2246 1419 2301 eos

339 2325 588 2403 negotiatoribus
603 2325 659 2402 qui
675 2325 816 2385 terrestri
835 2325 1007 2385 utebantur
1022 2325 1146 2386 itinere.

377 2425 450 2486 Non
479 2422 654 2484 eratenim
684 2429 719 2482 111
747 2423 849 2482 viator
876 2423 928 2482 ille
952 2423 1047 2497 soluo,
1080 2423 1147 2485 siue
1169 2424 1320 2500 patronis,
1351 2424 1418 2486 sine

336 2523 443 2596 armis,
462 2539 527 2581 stuc
548 2519 772 2581 imbecillitatis
795 2521 942 2581 conscius
964 2521 1124 2582 resisteret
1145 2527 1200 2582 aut
1224 2522 1339 2582 latroni
1363 2530 1418 2583 aut

337 2619 509 2682 teloneario
524 2625 579 2678 ant
594 2617 690 2678 ctiam
707 2618 837 2678 cuilibet
853 2626 987 2679 armate.
1004 2620 1102 2680 Illum
1125 2636 1300 2698 sequamur
1313 2619 1346 2678 in
1362 2619 1416 2679 iti-

336 2737 421 2779 nere.
439 2714 673 2777 Transitorium
689 2721 719 2775 et
735 2715 889 2776 viaticum
905 2717 931 2775 si
946 2734 1011 2776 non
1027 2715 1158 2777 exsolvit
1170 2715 1228 2794 (3),
1247 2725 1303 2776 aut
1326 2736 1416 2778 reno-

335 2817 442 2884 vavit,
475 2813 742 2893 quotiescumque
779 2815 854 2873 novi
883 2813 1006 2874 domini
1033 2814 1229 2875 territorium
1253 2815 1341 2888 adit,
1370 2833 1416 2876 var

334 2897 464 2976 misero!
492 2914 531 2972 At
555 2911 641 2972 enim
664 2910 814 2972 derebus
833 2911 873 2972 ad
893 2912 993 2972 vitam
1014 2911 1199 2973 necessariis
1220 2912 1412 2991 negotiatur,

335 3011 534 3089 Pipinusque
544 3009 583 3069 de
593 3008 722 3069 teloneis
739 3009 783 3068 s'c
799 3008 926 3069 ordinat
941 3009 986 3086 (4)
1004 3034 1010 3067 :
1032 3034 1044 3063 «
1063 3008 1106 3070 Ut
1124 3008 1232 3069 nullus
1242 3009 1281 3070 de
1296 3009 1415 3071 victua-

333 3109 370 3169 111
385 3114 416 3169 et
431 3105 580 3178 carrio...,
605 3105 768 3166 teloneum
783 3104 971 3182 prehendat.
990 3130 1002 3160 1
1023 3105 1161 3166 Karolus
1176 3106 1313 3182 Magnus
1330 3124 1414 3184 qut)-

333 3222 396 3282 que
411 3201 552 3263 decernit
572 3208 606 3260 ut
617 3199 661 3279 (5)
678 3226 684 3260 :
707 3225 719 3254 «
737 3200 775 3261 de
790 3200 842 3260 his
858 3201 913 3278 qni
931 3201 999 3262 sine
1024 3202 1207 3280 negotiandi
1223 3221 1319 3263 causa
1333 3203 1412 3263 sub-

332 3299 478 3360 stantiam
495 3316 586 3358 snam
611 3297 649 3358 de
670 3315 735 3357 una
750 3297 845 3357 domo
860 3315 918 3357 sua
933 3298 973 3357 ed
987 3299 1093 3372 aliam,
1112 3306 1167 3359 aut
1188 3287 1229 3360 ad
1243 3301 1410 3378 palatium,
1464 3338 1466 3341 -

331 3404 387 3458 aut
409 3397 449 3457 ad·
469 3395 645 3458 exercitum
660 3395 792 3468 (locunt,
817 3393 899 3453 nihil
916 3394 1070 3470 exigatur.
1090 3417 1103 3448 v
1122 3394 1254 3456 Frustra
1267 3402 1375 3456 autem
1401 3422 1406 3455 :

331 3495 449 3573 quippe
464 3495 521 3573 qui
545 3494 630 3554 idem
655 3491 793 3552 Karolus
816 3509 887 3552 earn
911 3491 1128 3551 defensionem
1152 3491 1200 3550 bis
1221 3501 1352 3552 renovet
1368 3494 1412 3572 (li)

330 3591 464 3670 ejusque
475 3607 670 3650 successores
686 3589 814 3666 pariter,
832 3589 886 3649 sed
902 3588 1062 3649 incassum
1081 3588 1136 3668 (7).

370 3689 448 3750 Ecce
463 3695 572 3750 autem
588 3688 672 3748 viam
689 3687 896 3764 interrumpit
911 3693 967 3746 aut
983 3695 1106 3748 torrens
1121 3694 1177 3748 aut
1192 3687 1320 3748 lluvius,
1344 3691 1410 3750 Ne-

329 3803 414 3846 cesse
430 3793 476 3846 est
499 3785 598 3862 igitur
618 3784 719 3844 viator
739 3782 833 3843 unico
858 3789 997 3843 transeat
1016 3788 1132 3860 ponte:
1151 3801 1257 3861 neque
1277 3802 1409 3862 prorsus

358 3942 391 4004 (1)
405 3943 518 3992 (laucius
537 3956 578 4006 op.
601 3943 644 3990 cit.
668 3940 832 4004 boulogirun,
847 3941 1020 4005 portaticum,
1036 3940 1245 3998 aucboraticnrn,
1260 3943 1408 4005 geranium,

328 4004 529 4070 poutlerogium,
547 4004 763 4058 urensuroticum,
779 4004 959 4053 modiaticum.

359 4069 391 4129 (1)
406 4067 511 4116 Tucim.
527 4066 647 4116 Annales
660 4066 707 4118 111.
722 4066 761 4116 et.

360 4130 392 4190 (3)
406 4131 520 4179 (laneus
533 4143 575 4193 op.
592 4129 635 4178 cit.
651 4129 835 4177 transitorium
846 4134 873 4178 et
886 4129 1022 4178 viaticum.

360 4191 391 4252 tl)
409 4192 553 4248 8111111111,
573 4192 623 4247 175,
639 4206 696 4255 cop.
717 4189 797 4239 Vern.
811 4192 850 4239 rc.

359 4257 390 4314 15)
405 4255 517 4303 Bucam.
533 4255 553 4309 1.
565 4255 617 4308 lae,
634 4268 692 4317 cup.
706 4254 720 4301 '2
736 4254 809 4314 (805).
830 4253 864 4302 13.

357 4318 389 4376 te)
405 4317 516 4365 Bacuzc.
533 4317 552 4371 1,
568 4316 621 4372 tat,
636 4331 693 4379 cap.
711 4317 724 4364 3
740 4316 812 4377 (etp),
830 4316 863 4364 Ιῖ).
879 4317 943 4365 -L
964 4316 1087 4381 11111111.
1109 4317 1115 4365 l
1131 4318 1204 4379 (80:⁰1),
1224 4319 1258 4367 te.

357 4379 389 4440 (7)
405 4379 516 4427 Β1111111.
532 4379 552 4431 Ι,
568 4379 695 4443 1111161111.
716 4379 722 4428 l
740 4379 811 4441 (stet,
831 4379 865 4428 ll.
882 4406 911 4414 —
927 4380 946 4428 l.
960 4380 1014 4435 blo,
1030 4393 1088 4442 cap.
1101 4381 1115 4427 ὁ
1129 4381 1201 4442 (nto),
1221 4382 1255 4431 ll.
