3359 5142
710 618 871 683 ..27-

253 769 312 830 tari
327 769 488 831 valeamus
503 794 509 829 ι
532 769 649 848 quippe
669 769 774 849 quiin
788 787 853 831 uno
869 785 1007 848 quercus
1023 773 1134 830 trunco
1148 765 1319 828 duodecim

253 866 355 928 varias
369 866 544 928 insererent
558 865 685 928 arbores
700 865 756 947 (1).

291 963 379 1025 Inter
393 963 570 1025 fructiferas
585 963 711 1026 arbores
726 965 806 1041 duae,
824 971 931 1026 nostro
947 971 1097 1043 tempore,
1116 962 1238 1037 florent,
1254 980 1326 1040 quae

252 1061 464 1140 agricolarum
479 1061 604 1123 divitias
618 1064 788 1141 quotannis
803 1069 932 1141 augent,
950 1063 1018 1124 olea
1032 1061 1160 1136 scilicet,
1173 1060 1322 1138 vitisque.

253 1158 472 1236 Regnantibus
487 1164 595 1221 autem
618 1161 787 1236 llarolinis,
813 1179 869 1222 seu
884 1178 940 1239 per
963 1160 1054 1235 bella,
1072 1178 1129 1220 seu
1151 1175 1207 1237 per
1230 1158 1324 1219 incu-

254 1256 344 1332 riam,
363 1273 442 1317 rarae
456 1264 545 1318 erant
560 1256 645 1320 oleae.
663 1257 816 1331 Quamvis
829 1259 913 1336 leges
926 1257 1068 1319 barbarae
1082 1257 1126 1335 (3)
1142 1257 1226 1319 oleas
1235 1276 1322 1319 rese-

254 1354 318 1415 cari
334 1352 435 1415 scelus
449 1353 611 1431 haberent,
624 1356 690 1418 fere
706 1374 815 1417 omnes
824 1356 857 1415 in
868 1354 1129 1416 meridionalibus
1143 1354 1325 1432 regionibus

251 1451 417 1530 perierant,
433 1452 511 1516 adeo
525 1460 561 1513 ut
576 1455 746 1516 concilium
762 1454 956 1533 Aquisgrani
970 1451 1092 1514 dederit
1106 1451 1322 1514 sacerdotibus

252 1549 414 1610 licentiam
427 1550 540 1611 utendi
555 1548 599 1630 (3)
621 1551 710 1612 lardo
724 1569 781 1630 pro
797 1551 876 1612 olea.

294 1646 387 1720 Quod
397 1646 436 1708 ad
446 1647 525 1709 vites
539 1649 660 1724 attinet,
673 1667 736 1710 nou
751 1648 846 1710 modo
855 1646 1054 1710 abundantes
1068 1646 1224 1710 florebant
1237 1646 1326 1709 haud

253 1763 341 1807 secus
356 1763 392 1806 ac
406 1745 512 1821 hodie,
525 1747 579 1808 sed
594 1747 690 1809 etiam
705 1746 889 1810 colebantur
902 1748 935 1808 in
951 1746 1143 1826 regionibus,
1162 1764 1241 1825 quas
1255 1763 1321 1808 non

253 1842 320 1921 J'am
355 1841 466 1904 ditant.
497 1845 536 1905 In
563 1845 715 1906 Neustria
743 1845 861 1906 scilicet
889 1844 1127 1907 Fontanellense
1162 1851 1320 1906 monaste-

258 1938 343 1999 rium
358 1938 402 2018 (4)
429 1964 442 1996 ι
458 1941 621 2002 montibus
636 1940 744 2003 arduis
758 1959 795 2002 ac
809 1942 970 2020 frugiferis
990 1941 1173 2021 Bacchique
1194 1942 1324 2003 fertilis-

255 2035 356 2096 simus
378 2035 516 2098 obsitum
540 2045 643 2099 erat...
667 2045 887 2100 monstrantur
907 2055 994 2100 nunc
1016 2055 1118 2117 usque
1141 2038 1269 2101 arbusta
1291 2040 1325 2099 in

254 2133 351 2196 latere
366 2136 482 2196 montis
497 2153 533 2197 ac
548 2136 682 2198 vitiferoe
697 2135 825 2198 arbores
840 2153 920 2214 quas
934 2136 1030 2198 abbas
1045 2137 1144 2197 Milon
1159 2137 1324 2215 plantavit,

255 2237 295 2304 et,
327 2230 406 2290 dum
434 2230 678 2310 philosopharet,
706 2232 853 2293 excoluit.
884 2233 981 2294 Haud
1002 2233 1112 2311 procul
1131 2251 1150 2294 a
1172 2232 1325 2295 Gemedio

254 2327 458 2390 abundabant
481 2329 648 2391 vinearum
671 2329 831 2390 botriones
844 2330 902 2408 qui
916 2329 950 2390 in
966 2329 1167 2407 turgentibus
1190 2330 1325 2408 gemmis

256 2425 396 2487 lucentes
411 2427 542 2488 rutilant
562 2428 594 2488 in
618 2427 747 2488 falernis
763 2452 777 2483 n
795 2427 851 2507 (5).
874 2428 957 2489 Item
986 2427 1064 2487 situs
1087 2427 1271 2488 monasterii
1291 2427 1323 2488 S.

254 2522 397 2583 Leulridi
417 2532 485 2586 erat
504 2542 662 2603 aquarum
684 2543 918 2603 nemorumque
936 2543 972 2587 ao
987 2525 1152 2587 vinearum
1167 2524 1326 2586 fertilitate

252 2620 417 2698 jucundus
440 2644 453 2675 ι)
472 2619 528 2700 (6).
558 2622 596 2682 In
611 2623 751 2684 Franciae
773 2622 937 2700 provincia
951 2639 1088 2701 quoque,
1108 2638 1205 2700 prope
1226 2621 1325 2682 Lute-

256 2719 343 2792 tiam,
363 2718 518 2780 florebant
530 2719 606 2781 rina
620 2738 691 2798 quae
706 2721 849 2796 Raecius,
871 2720 1097 2782 sextodecimo
1114 2720 1238 2795 saeculo,
1255 2720 1326 2781 lau-

254 2814 347 2876 dabat
362 2815 459 2876 veluti
471 2816 663 2896 jamdudum
678 2818 774 2878 nullis
790 2817 930 2882 secunda
939 2817 1066 2880 Gallicis
1082 2817 1163 2878 vinis
1173 2817 1228 2898 (7).

295 2912 376 2972 Vina
395 2921 514 2989 autem,
536 2931 608 2992 quae
621 2923 653 2975 et
675 2913 770 2976 hodie
792 2915 901 2993 magni
923 2915 1045 2975 ducunt
1073 2913 1219 2976 homines
1241 2913 1325 2974 docti

253 3009 357 3086 palati,
372 3010 440 3089 jam
455 3011 590 3072 illustria
603 3010 732 3072 fiebant.
751 3011 910 3072 Pardulus
924 3012 1089 3090 episcopus
1103 3011 1325 3072 Landunensis

253 3105 286 3165 in
308 3107 437 3184 epistola
451 3107 491 3169 ad
511 3108 723 3169 Hincmnrnm
740 3108 912 3170 Remensia
926 3109 1002 3169 rina
1016 3108 1153 3169 celebrat
1168 3107 1224 3185 (8).
1240 3108 1322 3170 Gre-

254 3203 361 3280 gorius
384 3204 577 3266 Turonensis
601 3205 655 3284 (9),
687 3205 834 3284 quamvis
856 3205 987 3266 Lntiana
1008 3214 1039 3265 ct
1056 3204 1205 3266 Gazetina
1225 3205 1325 3282 pluris

253 3299 346 3361 faciat
356 3301 438 3376 rina,
455 3319 522 3362 non
535 3301 726 3379 dedignatur
740 3307 848 3363 tamen
872 3309 996 3363 montes
1016 3301 1195 3362 uberrimos
1211 3301 1322 3362 Divio-

252 3397 309 3472 nis,
328 3399 460 3476 repletos
475 3399 575 3460 vineis
592 3423 605 3454 ι
625 3405 689 3460 tam
707 3399 812 3460 nobile
826 3399 939 3460 incolis
955 3400 1116 3461 falernum
1129 3399 1320 3477 porrigenti·

252 3494 312 3556 bus
325 3502 361 3556 ut
374 3502 523 3574 respuant
537 3495 706 3558 falernum.
726 3521 739 3552 ιι
759 3499 913 3559 Memorat
927 3514 1056 3576 quoque
1079 3502 1207 3575 propter
1228 3496 1321 3558 vino-

285 3727 317 3790 (1)
332 3729 449 3779 Decreta.
464 3729 564 3780 Etudcs
579 3745 624 3780 sur
639 3732 664 3780 lu
676 3729 809 3780 condition
824 3731 857 3780 de
870 3733 895 3780 ln
913 3732 982 3780 class
984 3745 997 3780 e
1012 3745 1046 3795 og
1047 3732 1127 3781 ricole
1140 3745 1174 3780 eu
1190 3730 1322 3784 Normuu·

255 3790 464 3842 dieaumoven·
453 3793 523 3856 -rlgc
539 3807 563 3856 p.
579 3793 631 3842 497.

286 3854 393 3916 (ljhex
402 3845 489 3917 Visig.

286 3917 318 3977 (3)
331 3915 426 3966 Linou
445 3917 753 3969 Sacrosenctaconcilru
769 3921 788 3965 t.
804 3931 859 3972 xm,
875 3931 900 3981 p.
914 3918 954 3972 ‘ld
970 3918 1042 3979 (817).

297 3979 317 4038 1)
331 3978 540 4028 Luancnuur
555 3978 997 4042 Spicilerrrn1‚chronic.Fontun‚
1016 3979 1068 4036 lll
1088 3980 1138 4029 199.

297 4040 535 4101 >Romanensem
551 4041 619 4104 Aug.
634 4021 679 4092 lif.
696 4043 734 4092 79.

301 4101 455 4160 J'Nenstria
480 4103 581 4152 119348

333 4165 451 4214 Buccrus.
440 4119 503 4214 pe
518 4165 666 4216 naturali
643 4181 763 4217 tinorum
777 4168 829 4218 lrist
831 4166 888 4214 urin
901 4164 961 4213 libri
974 4171 1075 4230 septem
1089 4167 1130 4217 cd.
1149 4169 1214 4225 1599,
1226 4184 1251 4233 p.
1266 4168 1320 4219 358,

330 4226 500 4283 Hiucrnarns
517 4229 619 4278 11838.

295 4287 415 4338 thueo.
431 4289 494 4338 '.fun
512 4289 881 4348 111.lt.-v11‚3t.lo.-
895 4292 934 4342 De
948 4291 1012 4355 glor
1029 4293 1097 4342 conl.
1113 4294 1151 4343 97.
