3359 5142
352 789 504 870 'agricolas
523 793 667 854 labrosre
690 800 809 853 temere
825 792 972 868 colligere
997 790 1053 870 (l),
1080 791 1191 870 eisque
1215 796 1339 851 certum
1363 787 1432 848 die·

353 909 427 952 rum
437 885 612 952 numerum
627 891 802 970 imponere,
816 908 873 968 per
883 907 964 968 quos
978 888 1251 966 gratuitotempus
1262 890 1293 944 et
1303 899 1433 960 operam

352 987 585 1066 impenderent.
603 987 682 1048 Inde
699 982 911 1050 corradarum
928 986 972 1068 (l)
989 988 1088 1064 origo,
1106 1001 1178 1064 quae
1196 982 1319 1043 tamdiu
1335 982 1434 1042 dura-

353 1093 469 1148 verunt
484 1086 675 1148 detestandae
705 1086 1003 1164 abominandaque,
1022 1101 1167 1164 quasque
1187 1079 1297 1142 nullus
1311 1085 1435 1158 poterat

352 1185 463 1258 vitare,
483 1202 524 1246 ne
537 1182 713 1244 sacerdotes
735 1182 879 1259 quidem.

393 1280 492 1341 Erant
509 1277 551 1360 (3)
569 1295 709 1357 qnoque,
730 1285 805 1340 tunc
820 1278 982 1356 temporie,
1006 1286 1136 1358 propter
1160 1277 1287 1358 publica
1305 1276 1430 1351 itinera,

351 1377 509 1455 dispositae
534 1377 568 1436 in
593 1376 687 1436 certis
709 1375 785 1438 locis
804 1378 998 1439 mutationes
1020 1397 1095 1438 curn
1119 1378 1211 1457 cquis
1239 1382 1294 1437 ant
1322 1374 1430 1448 mulis

350 1475 408 1552 pro
435 1473 518 1552 regis
539 1491 601 1534 usu
624 1472 887 1535 ministrorurnve
917 1474 1001 1551 regis
1018 1474 1073 1555 (4).
1090 1475 1150 1535 Tot
1171 1492 1247 1534 vero
1272 1472 1434 1549 tantisque

351 1555 502 1631 oneribus
532 1589 605 1632 mox
626 1569 750 1649 gravati
772 1569 904 1631 fuerunt
923 1571 982 1632 soli
1002 1590 1205 1651 possessores,
1225 1578 1268 1644 ut,
1292 1569 1433 1648 plerum·

351 1687 424 1746 qne,
442 1668 536 1745 legati
552 1674 583 1729 et
598 1668 687 1728 missi
703 1669 857 1730 dominici
871 1669 916 1729 nil
932 1676 1079 1748 paratum
1090 1669 1124 1729 in
1140 1668 1327 1729 stationibus
1341 1667 1433 1726 inve-

350 1767 469 1840 nirent,
488 1783 651 1844 equosque
674 1773 705 1827 et
724 1772 828 1828 cetera
842 1767 883 1828 ad
896 1767 958 1827 iter
972 1768 1149 1828 necessarIa
1164 1767 1274 1845 procul
1291 1782 1435 1844 quaerere

349 1863 511 1936 deberent,
529 1863 639 1923 invItis
654 1881 769 1940 regum
780 1865 978 1942 capitulariis
995 1866 1052 1944 (5).

389 1959 524 2032 Quando
540 1978 616 2020 vero
632 1960 811 2021 Normanni
828 1963 1065 2036 anniversariis
1089 1969 1125 2021 ut
1150 1962 1193 2023 ita
1212 1961 1328 2036 dicam,
1343 1959 1435 2021 bellis

352 2061 563 2121 turbaverunt
578 2058 764 2131 Franciarn,
782 2057 977 2137 quandoque
992 2058 1123 2119 comites
1138 2065 1169 2118 et
1191 2056 1341 2118 villarum
1361 2074 1434 2134 pos-

352 2176 502 2230 sessores,
520 2158 586 2218 Imo
601 2156 740 2234 episcopi
755 2154 949 2234 abbatesque
965 2173 1033 2217 sese
1055 2156 1090 2216 in
1115 2154 1275 2215 maenibus
1289 2155 1434 2215 castello-

352 2272 425 2314 rum
441 2253 685 2326 absconderunt,
705 2270 770 2312 non
786 2253 882 2313 modo
893 2270 1054 2331 equorum
1068 2253 1218 2315 stallones
1233 2254 1330 2314 nulla
1345 2254 1435 2315 taetre

352 2358 437 2424 sunt,
453 2357 626 2428 pontesque
642 2348 758 2410 dedere
769 2349 913 2424 ruinam,
939 2351 995 2412 sed
1019 2351 1087 2427 vie,
1106 2369 1124 2412 a
1144 2352 1241 2413 nullis
1270 2360 1432 2431 reparata,

353 2466 427 2508 mox
443 2445 530 2507 silvis
543 2446 704 2524 lapidibus
719 2463 782 2524 que
798 2445 935 2506 obtrutae
951 2454 1121 2508 evaserunt
1136 2447 1193 2527 (6).

394 2543 514 2624 Siquis
529 2545 615 2606 enirn
632 2545 773 2606 Francia
789 2545 894 2605 solum
909 2545 1004 2623 quale
1018 2545 1125 2620 suerit,
1142 2564 1227 2607 nono
1238 2554 1294 2607 aut
1309 2547 1435 2608 decimo

352 2650 420 2723 post
442 2641 607 2703 Christum
622 2641 747 2715 eraculo,
765 2639 953 2714 consideret,
971 2659 1058 2701 nunc
1073 2641 1254 2702 sabulosam
1270 2660 1306 2703 ac
1329 2642 1436 2727 dumis

351 2740 516 2801 horridam
533 2738 689 2813 tellurem,
709 2756 795 2798 nuuc
811 2738 916 2813 silvae,
934 2745 965 2798 et
980 2755 1052 2799 raro
1068 2739 1158 2800 villas
1173 2740 1308 2815 castella,
1324 2741 1436 2802 urbes-

351 2856 414 2916 que
430 2836 582 2897 inveniat.
613 2836 676 2897 Soli
703 2842 810 2913 patent
824 2835 1027 2896 castellorum
1050 2844 1106 2897 aut
1125 2837 1292 2898 civitatum
1315 2840 1434 2914 aditus,

352 2935 511 3012 callesque
534 2933 585 2992 rix
608 2933 721 3010 pervii,
748 2940 932 3009 temereque
954 2931 1107 3010 dispositi,
1134 2941 1229 3010 prout
1252 2935 1437 3012 proceribus

353 3031 553 3103 verrentibus,
577 3037 633 3091 unt
655 3029 801 3106 agricolae
828 3035 947 3089 terram
965 3028 1121 3090 laboranti
1146 3029 1312 3107 placuerit.
1329 3031 1436 3091 Inter-

353 3128 432 3188 dum
447 3133 576 3206 apparet
591 3127 703 3202 viator,
721 3126 964 3204 peregrisnnsre
984 3126 1108 3202 anxins,
1126 3128 1183 3206 qui
1212 3128 1360 3206 quidem,
1379 3130 1438 3188 viis

353 3225 512 3302 neglectis,
530 3243 587 3303 per
601 3223 729 3284 semitas
744 3222 921 3299 incognitas
936 3223 1061 3284 ducunt
1077 3224 1147 3284 iter.
1159 3223 1218 3284 Tot
1227 3225 1314 3285 enim
1331 3226 1438 3285 tantis-

355 3340 418 3400 que
434 3321 645 3383 circumventi
660 3321 810 3399 periculis
826 3321 996 3384 incedunt!

356 3501 500 3640 l'lpppilt.
511 3524 771 3648 {·<‚†²·,ss⁰}33‡42¹v·
788 3525 825 3575 oo.
842 3526 904 3590 cap.
919 3524 984 3575 nuo.
1002 3524 1042 3575 ru
1058 3525 1095 3575 ro.
1110 3554 1139 3563 -
1154 3526 1237 3590 neges
1252 3527 1369 3592 Langon.
1391 3529 1437 3580 nu

387 3631 419 3714 (ἦ)
435 3628 497 3701 B'lu
507 3635 530 3724 1·
540 3623 589 3700 ι5174
598 3623 717 3722 peralba
727 3627 739 3696 o
754 3651 781 3700 Si
793 3652 855 3714 quis
863 3651 901 3722 'ad
914 3655 1020 3716 pontem
1035 3651 1171 3715 publicum
1180 3652 1308 3702 bannitus
1316 3654 1403 3714 luerit,
1414 3663 1439 3706 et

356 3712 654 3826 pqphpppiept,3polrrlos
672 3719 787 3776 quotuor
801 3713 869 3762 Iredr
888 3719 1037 3778 componat.
1055 3732 1068 3758 »
1090 3741 1119 3750 -
1134 3714 1172 3764 Gt.
1188 3715 1251 3765 But.
1268 3715 1288 3807 I.
1309 3717 1363 3774 338,
1379 3733 1437 3783 cap.

389 3840 420 3900 (3)
439 3839 476 3887 Ex
495 3840 605 3902 antiqno
626 3837 805 3888 Romanorum
824 3851 905 3887 more.
923 3838 961 3886 ds.
982 3838 1043 3888 Cod.
1063 3839 1161 3889 Theod.
1178 3839 1252 3889 VIII.
1272 3842 1295 3893 5,
1311 3840 1439 3892 decursu

357 3902 474 4012 quIIpp,
489 3901 607 4012 appopioip
619 3907 646 3950 et
658 3901 889 4011 porpnqariislpit.4
900 3900 949 4011 lgr
960 3902 999 4011 [be
1014 3902 1310 4012 trpctpriisbetqstntiris.

357 3975 496 4076 ualidi:
508 3977 823 4090 pu,tutltu‘tllt
835 4000 934 4088 putta.
947 3969 1141 4080 elilim
1163 3979 1195 4013 ¹¹³
1209 3970 1233 4013 ⁰³
1248 3971 1390 4017 ¹ffl⁰²⁰s¹¹³
1411 3996 1439 4004 ”

389 4091 421 4149 (5)
435 4089 584 4138 Luareuor.
598 4088 766 4138 Institutions
779 4087 1023 4151 Carlovingiennes.
1038 4089 1090 4139 iil.

364 4184 367 4189 -
388 4154 420 4216 (o)
437 4151 546 4200 l'rouos.
562 4165 603 4216 op.
619 4150 662 4199 eit.
675 4150 695 4199 l.
713 4152 734 4198 5.
